3007 3975
298 178 419 262 148
841 326 1471 415 1159. (Ind. 5, pont. a. 1.)
313 368 821 501 Oct. 5. Tarraeinae
870 386 2830 470 10590 C. (Theobaldo) archiepiscopo Cantuariensi eadem, quae superioribus litteris 1o587
923 465 2830 527 nunciat. Pertz Archiv XII. 218, ubi perperam d. 7. Oct. data legitur, Neues Archiv
923 514 2425 583 III. 146, Forcella Catalogo I. 1. — („Eterna et incommutabilis“.)
872 567 2834 633 10591 Henricum Anglorum regem de eisdem rebus certiorem reddit. (Fragmentum.)
322 563 428 682 („)
647 558 755 653 („)
919 627 2830 686 Contin. Roberti de Monte 1159 ap. Delisle Chr. de Robert de Tor. II. 176, in MG.
919 673 2534 742 SS. XXVI. 513. — („Eterna et incommutabilis“) „Duo vero, Imerius“.
872 728 2832 801 10592 (7130) Eberhardum, archiepiscopum Salzburgensem de rebus iisdem certiorem
329 737 433 830 („)
640 730 757 823 („)
919 792 2830 859 facit, quas epistolis superioribus nunciat. Harzheim Conc. Germ. III. 378, (Migne
919 845 1924 912 200 p. 73). — „Eterna et incommutabilis“.
872 905 2832 962 10593 (7131) Ecclesiae S. Sepulcri Hierosolymitanae protectionem suscipit, possessiones-
346 885 532 980 „ 15.
653 889 740 987 „
923 958 2832 1018 que ac privilegia confirmat, petente Arnaldo priore. Rozière Cartulaire du saint
916 1015 2492 1071 sépulcre p. 68, Migne 200 p. 73. — „Effectum iusta postulantibus“.
311 1033 835 1148 Nov. 7. ap. Nimpham
857 1060 2832 1126 10594 (7132) Monasterii Casinensis protectionem suscipit, ac possessiones iuraque con-
916 1121 2823 1192 firmat, petente Reinaldo abbate. Gattula Hist. Cas. p. 338, Migne 200 p. 75. —
919 1168 1305 1234 „Licet omnium“.
872 1230 2832 1298 10595 (7133) Henricum, episcopum Bellovacensem, putat „ex litteris ad archiepiscopos
338 1221 528 1302 „ 8.
640 1227 733 1302 „
916 1285 2830 1344 et episcopos aliosque ecclesiae praelatos per Franciam“ missis de schismate cogno-
923 1340 2828 1408 visse. Hortatur, ut „simoniaca pravitate Octaviani schismatici omnimodo reprobata“,
916 1397 2830 1457 suas partes sequatur. Martene Coll. II. 663, Bouquet Rec. XV. 747, Migne 200
916 1446 1732 1519 p. 80. — „Sacrosanctae Romanae“.
868 1503 2830 1565 10596 (7134) B. (corr. Constantiam), Francorum reginam, hortatur, ut „simoniaca pra-
346 1490 525 1583 „ 13.
567 1490 804 1623 Agaeniae
921 1559 2830 1625 vitate illius schismatici atque apostolici omnino reprobata, a quo videlicet episcopi,
916 1618 2830 1678 abbates atque alii viri religiosi sicut a peste mortifera fugiant, in petra fidei et
914 1671 2828 1733 ecclesiae unitate animi sui constituat firmitatem, atque Ludovicum, regem Francorum,
919 1726 2830 1788 ad hoc ipsum iugi exhortatione inducere studeat“. Duchesne H. Fr. SS. IV. 567,
916 1782 2828 1841 Bouquet Rec. XV. 747, Mansi XXI. 971, Migne 200 p. 80; Pro B(ertha) legendum
919 1835 2560 1894 esse C(onstantiam) probat Reuter I. 101. n. 2. — „Quanto tibi divina“.
863 1883 2830 1956 15597 Hermanno Verdensi et Danicli Pragensi episcopis (legatis Friderici imperatoris)
313 1855 428 2002 („)
647 1874 740 2007 „
916 1947 2828 2005 respondet, sese imperatorem advocatum ac specialem Romanae ecclesiae defensorem,
916 1998 2830 2062 neque vero iudicem sedis apostolicae recognoscere. In litteris enim, quibus imperator
914 2053 2828 2115 se ipsum arbitrum constituisset partesque litigantes ante praesentiam suam Papiam
912 2113 2830 2170 evocasset, eum „longe a consuetudine praedecessorum suorum recessisse et dignitatis
914 2166 2828 2230 suae terminum excessisse. . . . Sane (inquit) b. Petro et per eum Romanae ecclesiae
914 2217 2828 2290 „ . . hoc privilegium a domino lesu Christo sanctisque patribus traditum et . . . usque
912 2279 2830 2336 ad haec tempora conservatum, ut universarum ecclesiarum causas . . . ipsius auctoritas
912 2329 2825 2389 discuteret ac finiret, ipsa vero nullius unquam iudicio subiaceret. . . . Ad curiam vero
910 2385 2828 2444 eius accedere vel sententiam curiae suae in hac parte suscipere, canonica traditio
910 2442 2825 2499 et reverenda sanctorum patrum auctoritas non permittit. Nam cum nec in minoribus
914 2497 2828 2555 ecclesiis advocati eorum et saeculares principes vocationes, disceptationes ac decisiones
914 2546 2825 2608 causarum sibi aut curiis suis usurpent, . .. quanto amplius ad universalis ecclesiae
912 2594 2825 2667 periculum redundaret, si per ignorantiam nostram aut pusillanimitate spiritus a
912 2654 2823 2718 capite diebus nostris iste morbus inciperet et nos ecclesiam . . . in servitutem redigi
914 2714 2828 2780 sineremus, pro cuius libertate tuenda patres nostri proprium sanguinem effuderunt
912 2771 2825 2826 et nos ipsi ad eorum exemplum, exigente necessitatis articulo, extrema debemus
912 2820 2823 2888 pericula sustinere“. (Responsum hoc utrum viva voce an scriptura datum sit, non satis
910 2873 2823 2950 constat.) Bosonis card. Vita Alexandri ap. Watterich II. 383. — „Nos recogno-
910 2926 1111 2996 scimus“.
863 2979 2821 3049 10598 Archidiacono, priori et universo clero ecclesiae S. Andreae, pastore destitutae,
342 2972 521 3082 „ 27.
631 2972 737 3060 „
914 3036 2823 3100 significat, sese precibus Malcolmi, regis Scotorum, per (Willelmum) episcopum Mora-
916 3096 2821 3162 viensem et magistrum Nicolaum sibi propositis assensum praebere non potuisse;
912 3151 2821 3210 memorato episcopo legationis munus impositum esse. Quem ut eligant, suadet.
914 3204 2341 3263 Haddan and Stubbs Councils II. I. 233. — „Petitiones, quas“.
302 3162 519 3376 „ „
839 3246 2821 3325 f10599 (ccccxvm) Excellentissimo principi christianissimpque filio suo domino regi, col-
910 3310 2819 3374 legio Cantuariensi et omnibus archiepiscopis et episcopis in eodem collegio existen-
910 3367 2821 3429 tibus significat, se „quendam Thomam, Cantuariensem archiepiscopum, ab omni ordine
912 3420 2819 3484 ecclesiastico et archiepiscopatu degradare et stultissimum declarare“. Praecipit, ut
914 3480 2816 3579 „poemam condignam eidem imponant,, scilicet ut in areto monasterio recludatur“.
1098 165 2026 262 ALEXANDER III. 1159—1181.
