3007 3975
335 176 459 253 200
879 318 1877 415 1166. (Ind. 14. pont. a. 7. — 20. Sept. — 8.)
355 371 574 470 Aug. 25.
625 359 841 477 Laterani
914 386 2881 477 11288 (7542) Philippi comitis et Elizabethae, filiae comitis Feronae, matrimonium,
965 463 2881 525 quod quidam „potius livore invidiae quam amore iustitiae“ impedire conantur. con-
963 516 2878 576 firmat. Epist. S. Thomae ed. Giles II. 146, Migne 200 p. 422. — „Quod superna gratia“.
353 560 576 649 Sept. 7.
704 567 782 640 „
919 565 2881 629 11289 I(ohanni) episcopo Pictaviensi scribit de priore ecclesiae S. Radegundis prae-
967 627 2881 693 fecto. Parthenonem S. Crucis in ea semper dominationem obtinere iubet. In bibl.
965 682 2476 735 nat. Paris. ms. lat. 12755. f. 464. — „Notum facimus dilectioni“.
351 722 552 803 c. Sept.
687 715 795 861 („)
916 724 2883 792 11290 (7527) Cisterciensem et Pontiniacensem abbates et universos fratres ordinis
961 786 2883 852 Cisterciensis hortatur, ne Thomam, archiepiscopum Cantuariensem, „a Pontiniacensi
967 845 2878 912 monasterio removeri“ patiantur. Epist. S. Thomae ed. Lupus p. 123, ed. Giles II. 210,
967 892 2881 962 Migne 200 p. 414. (Capitulum Cisterciense die 14. Sept. inchoabat.) — „Licet
967 949 1208 1015 vos eam“.
353 1002 574 1077 Oct. 11.
707 1031 786 1075 „„
919 998 2883 1075 11291 Monasterii SS. Felicis et Fortunati Vincensis possessiones et iura confirmat,
967 1057 2797 1126 petente Arnulpho abbate. Pflugk-Harttung Iter p. 266. — „Religiosam vitam“.
391 1110 574 1185 „ 19.
698 1106 786 1243 „
916 1119 2883 1181 11292 (7543) Henrico, archiepiscopo Remensi, mandat, hortetur abbatem et monachos
967 1172 2883 1236 S. Remigii, ut recipiant Balduinum, qui „cum in quodam monasterio Teutonici regni
969 1227 2883 1296 habitum monasticum suscepisset, ibi propter schismaticorum perfidiam remanere non
963 1285 2878 1351 audeat“. Martene Coll. II. 740, Migne 200 p. 422. — „Lator praesentium Balduinus“.
360 1325 578 1411 Nov. 4.
707 1331 793 1413 „
916 1331 2883 1404 11293 Canonicorum ecclesiae Caesenatis privilegia ab episcopis concessa confirmat.
967 1389 2509 1450 Zaccaria Ser. episc. Caesen. p. 35. — „Iustis petentium desideriis“.
391 1431 574 1523 „ 9.
702 1448 788 1514 „
921 1450 2885 1510 11294 (7544) Henrico, archiepiscopo Remensi, L. priorem S. Remigii commendat. Mar-
967 1501 2527 1570 tene Coll. II. 741, Migne 200 p. 422. — „Quos honestate morum“.
388 1545 576 1625 „ 11.
698 1545 790 1634 „
921 1563 2883 1620 11295 (7545) Monasterium Pontiniacense tuendum suscipit, eiusque bona ac iura con-
969 1614 2876 1684 firmat, petente Garino abbate. Martene Thes. III. 1235. Migne 200 p. 423. —
967 1671 1685 1729 „Regularem vitam eligentibus“.
391 1713 578 1793 „ 13.
693 1707 799 1839 „
923 1720 2885 1784 11296 Monasterio Carrofensi asserit ecclesias quasdam a C(alone) quondam episcopo
972 1773 2883 1841 Pictaviensi in praesentia Petri. abbatis Cellensis, resignatas. (Fragmentum.) In bibl.
967 1824 2229 1890 nat. Paris. ms. lat. 18379. (Dom Fonteneau IV.) f. 51.
395 1870 576 1958 „ 29.
702 1883 797 2007 „
919 1877 2885 1952 11297 Sororibus S. Mariae Burburgensibus indulget, ut „nulli episcopo, in cuius epi-
969 1945 2883 2002 scopatu ecclesias possideant, liceat, abbatissam ad synodum ex debito vel ex distrac-
972 2005 2883 2058 tione vocare, nisi fuerit diocesanus episcopus vel metropolitanus“. In bibl. nat. Paris.
969 2049 2885 2115 Chartul. Broburg. ms. lat. 9921 sec. livre f. 15“, ms. lat. 9126. f. 203. — „Inhonestis
967 2106 1224 2175 et pravis“.
397 2144 578 2232 „ 30.
702 2159 799 2287 „
921 2150 2885 2226 11298 Parthenonis S. Mariae Burburgensis tutelam suscipit, ac possessiones confirmat,
972 2221 2883 2283 petente Claricia abbatissa. Decimas a sororibus exigi vetat. Ibid. ms. lat. 9921.
972 2272 2403 2329 fol. 7“, ms. lat. 9126. f. 199“. — „Piae postulatio voluntatis“.
362 2316 576 2420 Dec. 1.
704 2318 799 2446 „
916 2318 2885 2396 11299 (7546) Episcopis Angliac, qui „propter gravamina, quae (Thomas), archiepiscopus
967 2385 2883 2442 Cantuariensis, Henrico Anglorum regi, ipsis quoque episcopis et regno intulisset,
969 2435 2883 2495 ad suam audientiam appellaverint et proximam adscensionis dominicam (21. Maii
976 2491 2885 2552 1167) appellationi terminum praefixerint“, significat, se, „utriusque partis laboribus
969 2544 2883 2608 et expensis parcere cupientem, personas de latere suo ad eiusdem regis terram duxisse
972 2603 2885 2661 destinandas cum plenitudine potestatis causam istam et alias, quas expedire cogno-
974 2652 2883 2716 verint, audiendi et canonice terminandi“. Haec addit: „Interim autem, si aliquam
969 2711 2885 2771 de personis, quas archiepiscopus excommunicationis sententia innodavit, metu mortis
972 2764 2883 2824 laborare contigerit, eundem ab aliquo vestrum, accepto iuramento, quod nostro super
972 2820 2885 2884 hoc, si convaluerit, debeat parere mandato, vel ab alio religioso et discreto viro ab-
969 2875 2883 2937 solvi concedimus“. Epist. S. Thomae ed. Lupus p. 311, ed. Giles II. 77, Migne 200
969 2930 1696 2990 p. 425. — „Ad aures nostras“.
391 2965 578 3060 „ 9.
709 2919 788 3060 „
921 2979 2883 3045 11300 Sententiam inter Clariciam, abbatissam Burburgensem, et militem quendem de
969 3040 2883 3100 Graveninga super terra quadam a B(alduino), episcopo Noviomensi, latam confirmat.
969 3089 2883 3155 Chartul. Broburg. ms. lat. 9921 sec. livre f. 14“ in bibl. nat. Paris. — „Ex tenore
972 3151 1248 3213 litterarum“.
399 3186 583 3272 „ 11.
709 3195 788 3279 „
921 3195 2883 3270 11301 lohanni, archiepiscopo Toletano, primatum per regna Hispaniae confirmat. Pflugk-
969 3257 2085 3316 Harttung Iter p. 266. — „Sacrosancte Romane“.
402 3297 581 3376 „ 20.
702 3323 790 3564 „
925 3308 2878 3372 11302 (7547) H(enrico), Anglorum regi, respondet, se, ut per Iohannem Cumin et
972 3361 2878 3429 magistrum Radulfum de Tamewrd rogaverit, mense Ianuario legatos missurum, qui
976 3414 2878 3484 „causas, quae inter eum et T(homam) Cantuariensem archiepiscopum vertantur, et
972 3471 2878 3586 Mllam. quae inter cundem arcbiepiscopum et episcopos regni super appellatione ad
1148 163 2072 256 ALEXANDER III. 1159—1181.
