3007 3975
331 176 457 258 204
877 306 2198 404 1167. (Ind. 15. — 25. Sept. — 1, pont. a. 8. — 20. Sept. — 9.)
351 371 570 496 Mart. 17.
623 357 839 492 Laterani
910 384 2874 459 11342 (7584) Henrico, archiepiscopo Remensi, significat, se „in Urbe magnifice satis
961 452 2872 516 hucusque existere“. Hortatur, „sibi celerius studeat et efficacius subvenire, . . . ut
961 507 2872 571 inimicis ecclesiae viriliter possit resistere et ecclesiam pristina libertate donare; quod
958 565 2874 622 nulla ratione opportunius effici posse, quam si Urbem in fidelitate b. Petri ac sua
961 620 2874 675 servare et contra voluntatem inimicorum ibidem poterit permanere“. Rostram fratrem
963 666 2872 735 mittit. Martene Coll. II. 731, Bouquet Rec. XV. 852, Migne 200 p. 441. — „A.
961 722 1360 792 memoria nostra“.
366 772 481 876 („)
687 764 795 867 („)
908 777 2876 848 11343 (7579) Thomae, archiepiscopo Cantuariensi, significat, Wilhelmum tit. S. Petri
961 836 2876 894 ad vincula presbyterum et Ottonem S. Nicolai in carcere Tulliano diaconum cardi-
963 896 2876 951 nalem ad Henricum, Anglorum regem, missos esse, „ut legatione in terra regis cis-
963 947 2872 1004 marina fungantur et specialiter inter eum et regem concordiam et pacem reforment“.
961 1002 2876 1066 Hortatur, ut „si ei non omnia secundum beneplacitum succedant, ad praesens dis-
963 1062 2878 1124 simulet“, neve „pro verbo, quod ipse (Ludovico) Francorum regi secundum petitionem
963 1108 2881 1172 eius significet, se a pacis et concordiae bono quodammodo retardet“. Mandat, moneat
965 1166 2881 1234 comitem Flandrensem, ut ipsi „in aliquo liberaliter studeat subvenire“. (Quo mense
969 1221 2881 1285 scriptae sint haec et duae, quae sequuntur, epistolae, demonstrat Reuter II. 606.)
967 1274 2881 1349 Epist. S. Thomae ed. Lupus p. 309, ed. Giles II. 15, Mansi XXI. 882, Migne 200
364 1333 479 1492 („)
689 1353 806 1464 („)
916 1380 2883 1448 11344 (7580) Henrico, Anglorum regi, commendat Wilhelmum et Ottonem cardinales
969 1439 2883 1503 „cum plenitudine potestatis causas in aliis litteris expressas, et alias, quas expedire
967 1499 2883 1556 videatur, cognoscendi, in terram regis cismarinam legatos destinatos, quibus vices
967 1554 2883 1612 suas in omnibus ita plene commiserit exsequendas, sicut illis vel aliis apostolicae
967 1607 2883 1667 sedis ecclesia Romana committere consueverit“. (Hanc adduntur: „Hoc vero trans-
969 1660 2883 1722 scr iptum nulli mortalium reveles, nisi soli magistro Gunterio, quia fidem meam
969 1718 2883 1775 super hoc magistro Galterio ita stricte, ut voluit, dedi“: quae verba Alexandro
967 1773 2883 1832 auctori non debentur, sed ab alieno quodam, qui epistolam in Thomae Cantuariensis
969 1828 2883 1890 usum occulte descripsit, addita sunt.) Epist. S. Thomae ed. Lupus p. 310, ed. Giles
969 1872 2881 1938 II. 117, Mansi XXI. 883, Migne 200 p. 447. — „Magnificentiae tuae petitionibus“.
362 1874 481 2051 „„
691 1899 804 2011 („)
916 1934 2883 2002 11345 (7581) Ludovico, Francorum regi, de honoribus Thomae, archiepiscopo Cantua-
969 1994 2883 2051 riensi, tributis gratias agit. Pacis inter eundem et Henricum Anglorum regem com-
969 2047 2883 2111 ponendae causa Willelmum et Oddonem cardinales missos nunciat, qui in Henrici
972 2102 2883 2164 regis „terra cismarina causas emergentes audiant et cognoscant et ibidem apostolicae
974 2161 2885 2214 sedis legatione fungantur“. Pax illa si non convenerit, „nobis“ inquit „omnimodis
969 2214 2885 2272 complaceret, quodsi absque scandalo personarum regni tui fieri posset, ut nos Tho-
969 2259 2883 2332 mam archiepiscopum specialis honoris praerogativa inter ceteros donaremus et sibi
974 2320 2883 2382 vices nostras committeremus in illis partibus (Galliae) exsequendas“. Qua de re quid
974 2382 2883 2446 ei videatur, audire cupit. Epist. S. Thomae ed. Lupus p. 378, ed. Giles II. 139,
972 2429 2609 2488 Mansi XXI. 883, Migne 200 p. 448. — „Inter caetera magnificentiae“.
366 2413 583 2557 Apr. 22.
702 2484 808 2641 „
921 2475 2885 2557 11346 (7586) Thomae, archiepiscopo Cantuariensi, significat, se (Henrico) Wintoniensi
969 2535 2885 2601 et (Rogero) Wigorniensi episcopis mandasse, ut Hugonem comitem absolvant, sed
974 2592 2885 2656 si absolutus intra dies 40 et canonicis de Pantaneia et episcopis non restituerit
976 2650 2883 2720 ablata, iterum excommunicent. Epist. S. Thomae ed. Giles II. 23, ed. Lupus p. 521,
980 2709 2034 2771 Migne 200 p. 452. — „Ad tuae discretionis“.
410 2729 583 2844 „ 30.
707 2753 808 2879 „
923 2753 2896 2824 11347 (7587) Henrico, archiepiscopo Remensi, praecipit, ut quem „post appellationem
980 2820 2894 2873 et specialem prohibitionem ex parte sua factam“ episcopum Tornacensem consecra-
983 2875 2894 2934 verit, „ab officio pontificali faciat omnino cessare, donec ipse et qui eum elegerint,
980 2915 2892 2992 ad sese accedant“. Martene Coll. II. 733, Bouquet Rec. XV. 853, Migne 200 p. 443.
983 2985 1548 3047 — „Cum sincerissimae“.
373 3003 589 3142 Rai. 7.
702 2996 806 3151 „
927 3027 2894 3093 11348 (7588) Willelmo (tit. S. Petri ad vincula presbytero) et Ottoni (S. Nicolai in
980 3089 2896 3146 carcere Tulliano diacono) cardinalibus scribit, post eorum discessum se audiisse, a
987 3140 2896 3204 Iohanne, decano Sarisberiensi, evulgatum esse, „quod ipse, cum episcopos et alias
985 3199 2896 3259 personas ecclesiasticas et saeculares de regno Anglorum a iurisdictione et potestate
987 3255 2896 3314 Thomae, Cantuariensis archiepiscopi, exemerit, iuxta beneplacitum regis et condemna-
985 3308 2894 3369 tionem (Thomae) intenderet“; quapropter archiepiscopum et Ludovicum, Francorum
985 3365 2894 3427 regem, vehementer commotos esse. Mandat, ut archiepiscopum per litteras con-
987 3414 2896 3486 solentur, pacemque inter eum et regem „componere omnimodis intendant, ita quod
994 3471 2896 3564 Thomae et ecclesiae eius antiqua iura et libertates integre et illibate servent; nere
1140 156 2065 249 ALEXANDER III. 1159—1181.
