3007 3975
280 159 404 231 206
821 302 2140 397 1167. (Ind. 15. — 25. Sept. — 1, pont. a. 5. — 20. Sept. — 9.)
278 329 457 505 (taa)
532 348 817 488 (Beneventy
852 386 2821 454 11360 (7597) Wilhelmo tit. S. Petri ad vincula presbytero et Ottoni S. Nicolai in car-
905 443 2819 512 cere Tulliano diacono cardinalibus, apostolicae sedis legatis, mandat, ut, quos Thomas,
905 499 2821 560 archiepiscopus Cantuariensis, excommunicaverit, si absoluti possessiones ecclesiae
905 556 2821 611 Cantuariensis non restituerint, eos „omni dilatione et appellatione cessante, in prio-
908 611 2816 673 rem excommunicationis sententiam reducant“. Epist. Gilberti Foliot ed. Giles II. 56,
908 658 2821 730 Epist. S. Thomae ed. Lupus p. 468, Mansi XXI. 887, Migne 200 p. 460. — „Sug-
908 719 1341 783 gestum est nobis“.
855 764 2821 832 11561 (7598) Alberto, presbytero cardinali tit. S. Laurentii in Lucina, legato aposto-
340 757 512 852 „ 31.
638 768 731 872 „
908 819 2819 889 lico, significat, se ex eius consilio de „liberando (Guoffridi) filio Bon(umiri) de Siponto“
908 876 2821 940 litteras ad Lampridium, archiepiscopum Iaderensem, dedisse. Archiepiscopatum Spa-
912 936 2819 1009 latinum ei oblatum accipi vetat. Farlati III. sacr. III. 188, Mon. Hung. hist. I. XI. 108,
908 987 1928 1057 Migne 200 p. 461. — „Litteras devotionis“.
293 1007 519 1124 Sept. 10.
855 1046 2821 1108 11362 Ecclesiam S. Leonardi in Lamavolari tuendam suscipit, eiusque possessiones ac
636 1022 737 1159 „
910 1106 2823 1179 iura confirmat, petente Richardo priore. Pflugk-Harttung Iter p. 267. — „Religiosis
905 1154 1064 1219 votis“.
298 1192 517 1305 Nov. 24.
855 1194 2821 1274 11363 (7599) Henrico, abbati Biburgensi, praecipit, ut abbatiam S. Petri Salzburgen-
638 1205 742 1318 „
910 1274 2821 1327 sem, a Conrado archiepiscopo monachisque oblatam, suscipiat. Nov. chron. mon.
905 1325 2671 1380 S. Petri Salisb. p. 241, Pez Thes. anecd. VI. I. 394. — „Dilecti filii nostri“.
857 1373 2823 1439 11364 (7600). Monachis Biburgensibus praecipit, ut Heinricum abbatem monasterio
329 1360 514 1450 „ 24.
640 1360 733 1490 „
905 1435 2821 1497 S. Petri Salzburgensi concedant. Nov. chron. mon. S. Petri Salisb. p. 241, Pez Thes.
905 1481 1880 1548 anecd. VI. I. 394. — „Dilecti filii nostri“.
293 1519 517 1629 Dec. 26.
855 1537 2821 1607 11365 (7675) Universis ecclesiasticis in terra ducis Welfonis, quae in Augustensi terra
625 1532 737 1647 „
905 1601 2821 1658 sita est, constitutis petente duce permittit, ut quamdiu in unitate catholica persti-
908 1656 2821 1713 terint et Augustensis dictus episcopus (Conradus) ecclésiam tenuerit, „ordinationes
910 1713 2821 1768 et consecrationes ecclesiarum et cetera ecclesiastica sacramenta a quocumque volue-
905 1764 2821 1821 rint catholico episcopo suscipiant“. (Contra Conradum schismaticum directam esse
910 1813 2819 1883 hanc epistolam, probat Adler Herzog Welf VI. und sein Sohn p. 123, cf. Forsch. 2.
905 1874 2819 1936 d. Gesch. XXII. 671: minime vero concedendum est, eam a. 1161 tribuendam et
908 1923 2819 1998 pro „VII. kal. Ian.“ legendum esse „VII. kal. Iun.“. Equidem potius puto, epistolam d.
910 1983 2819 2042 26. Dec. a. 1167 scriptam esse, dum missi Welfonis ducis mortem episcopi, d.
910 2038 2819 2106 22. Nov. huius anni defuncti, ignorantes Beneventi morabantur.) Mon. Boic. VI. 488,
908 2095 1917 2157 Migne 200 p. 525. — „Et communi fama“.
855 2144 2819 2212 11366 (7601) Ecclesiam Ragusinam tuendam suscipit eiusque possessiones confirmat,
333 2133 512 2230 „ 29.
631 2131 733 2226 „
908 2203 2819 2267 petente Tribuno archiepiscopo. Farlati III. sacr. VI. 80, Mon. Hung. hist. I. xI. 109,
908 2256 1782 2314 Migne 200 p. 462. — „In eminenti“.
855 2307 2823 2376 11367 (7602) Pullatensem, (Petrum) Suaciensem, (Martinum) Drivastensem episcopos
335 2285 514 2380 „ 29.
638 2294 731 2424 „
908 2369 2821 2426 iubet Tribuno, archiepiscopo Ragusino, obtemperare; alioquin cos dignitatibus pri-
908 2422 2821 2495 vatum iri ostendit. Farlati III. sacr. VI. 81, Mon. Hung. hist. I. xI. 110, Migne 200
910 2475 1542 2544 p. 462. — „Si quanta sit“.
857 2519 2821 2599 11368 (7603) Clericis Dulchiniensis et Antibarensis episcopatuum praecipit, ne episcopis,
335 2508 514 2645 „ 29.
620 2510 737 2652 „
908 2590 2821 2650 a T(ribuno) archiepiscopo Ragusino excommunicatis, obtemperent. Farlati IIl. sacr.
914 2636 2554 2700 VI. 81, Mon. Hung. hist. I. XI. 111, Migne 200 p. 463. — „Sicut ex“.
855 2696 2821 2758 11369 (7605) Hugonem, archiepiscopum Senonensem, reprehendit, quod „absque con-
905 2749 2814 2811 scientia et mandato suo (Alani) episcopi Altissiodorensis abrenunciationem receperit“.
905 2806 2816 2870 Concedit tamen, ut W(illelmum) in eius locum consecret. Coll. Lips. XXXI. 2,
905 2855 2816 2926 Coll. Cass. XL. 2, Coll. Bamb. XXX. 2, Comp. I. L. 1. t. 5. c. 1, Bouquet Rec.
908 2912 2819 2987 XV. 854, Mansi XXI. 1083, Migne 200 p. 466. — „Quanta importunitate“ „Quanta
903 2972 1248 3038 opportunitate“.
852 3012 2821 3089 11370 (7606) Henricum, archiepiscopum Remensem, vituperat, „quod canonicos suos
905 3082 2819 3142 dure nimis et graviter tractet et ad eorum gravamen Francorum regem, fratrem
908 3140 2819 3195 suum, provocaverit, in hoc minus, quam eum decuerit, libertati ecclesiasticae pro-
912 3191 2814 3255 videns“. Martene Coll. II. 934, Marlot Metr. Rem. II. 393, Bouquet Rec. XV. 855,
908 3244 2050 3314 Migne 200 p. 466. — „Quanto maiori dignitate“.
852 3288 2821 3361 11371 (7607) Ludovicum, Francorum regem, hortatur, ut canonicis ecclesiae Remensis
910 3358 2816 3416 et gratiam suam et ereptas possessiones reddat. Martene Coll. II. 935, Marlot Metr.
912 3411 2814 3533 Nete. Rem. II. 288. Bouuuet Rec. XNI. S55. Miene 26 p. 491. — „later atis
908 3464 1122 3562 pietatis“.
1089 147 2008 238 ALEXANDER III. 1159—1181.
