3007 3975
665 309 1990 404 1167. (Ind. 15. — 25. Sept. — 1, pont. a. 8. — 20. Sept. — 9.)
698 384 2671 463 11372 Philippum, comitem Flandrensem hortatur, ut monasterio S. Vedasti ablatas b.
748 450 2673 514 lacobi reliquias restituat. Guimann Cart. de St.-Vaast d'Arras p. 133, Revue des
746 510 2050 576 soc. sav. V. sér. VII. 543. — „Quanto maiori potentia“.
693 560 2671 629 11373 Roberto, Ariensis ecclesiae praeposito, mandat, compellat (Philippum), Flandriae
746 620 2673 677 comitem, ut reliquias b. Iacobi ablatas monasterio S. Vedasti restituat. Guiman
748 669 2673 742 Cart. de St.-Vaast d'Arras p. 134, Revue des soc. sav. V. sér. VII. 543. — „Quoniam
748 722 1140 797 dilectum filium“.
698 770 2675 843 11374 Philippum, comitem Flandrensem, monet, ut sine mora S. Vedasti monasterio
751 841 2673 894 ablatum b. Iacobi caput aliasque reliquias restituat. Guimann Cart. de St.-Vaast
751 889 2671 949 d'Arras p. 135, Revue des soc. sav. V. sér. VII. 543. — „Quanto personam tuam“.
704 951 2671 1013 11375 Roberto, praeposito Ariensi, mandat, compellat Philippum, comitem Flandrensem,
753 1004 2675 1062 ut monasterio S. Vedasti ablatas b. lacobi reliquias restituat. Guimann Cart. de
751 1064 2673 1132 S.-Vaast d'Arras p. 136, Revue des soc. sav. V. sér. VII. 544. — „Quanto tua devotio“.
673 1154 2231 1254 1168. (Ind. 1, pont. a. 9. — 20. Sept. — 10. 1167. — 25. Mart. — 1168.)
702 1256 2673 1344 11376 (7608) „Abbatibus et ceteris Latinis, tam clericis quam laicis“ Dyrrhachiensibus
404 1230 647 1380 Feneneni
148 1227 366 1371 ran. 3
751 1333 2673 1397 commendat T(ribunum), archiepiscopum Ragusinum, legatum ad eos missum, propterea
755 1389 2673 1450 quod cardinales, ad imperatorem Constantinopolitanum euntes, non diu morari apud
753 1446 2673 1501 eos possint. Praecipit, ut Antibarensis et Dulchiniensis episcoporum excommuni-
748 1499 2671 1565 catorum aditum defugiant. Farlati III. sacr. VI. 81, Migne 200 p. 468. — „Ne cura“.
704 1554 2671 1620 11377 Monasterii omnium sanctorum, in loco Cuti in suburbio Barensi siti, possessiones
183 1534 366 1629 „ 14.
488 1565 574 1647 „
753 1603 2673 1680 et iura confirmat, petente Nicolao abbate. Pflugk-Harttung Iter p. 267. — „Religiosis
755 1667 1014 1729 desideriis“.
704 1711 2673 1782 11378 Monasterii S. Nicolai de Pratis (Ribomontensis) tutelam suscipit., possessionesque
183 1680 364 1804 „ 25.
488 1722 578 1810 „
755 1775 2673 1839 et privilegia confirmat, petente Ricardo abbate. Stein Cart. de St. Nicol. des Prés
757 1832 1984 1896 sous Ribem. p. 85. — „Religiosis desideriis dignum“.
707 1877 2675 1954 11379 (7609) Ecclesiae Hierosolymitanae possessiones et privilegia, petente Amalrico
150 1839 368 1974 Febr. 8.
488 1885 587 1969 „
755 1932 2673 2011 patriarcha, confirmat. Rozière Cartulaire du saint sépulcre p. 319, Migne 200 p. 469.
762 1998 1319 2060 — „Beneficia, quae in“.
704 2036 2673 2117 11380 (7816) Henrico, archiepiscopo Remensi, et Hugoni, episcopo Suessionensi, mandat,
190 2044 366 2146 „ 11.
490 2062 583 2139 „
757 2104 2673 2164 ut Ludovico regi Francorum et Henrico Anglorum pacem concordiamque assidue
755 2159 2664 2228 suadeant. Martene Coll. II. 783, Bouquet Rec. XV. 858, Migne 200 p. 630. —
757 2212 1283 2281 „Quoniam dilecti filii“.
704 2256 2675 2334 11381 (7610) P(etro) priori et fratribus S. Sepulcri Hierosolymitani scribit, A(mal-
187 2270 368 2356 „ 15.
481 2274 583 2373 „
757 2323 2673 2385 ricum) patriarcham a sese per litteras admonitum esse, ut „de rebus vel obedientiis
760 2382 2673 2442 eorum, nisi ab iis fuerit requisitus, se intromittere nulla ratione praesumeret“, atque
757 2435 2671 2502 „ut, cum aliquem in concanonicum voluissent recipere, iis in hoc favorem indulgeat,
757 2491 2673 2548 nec aliquem consortio eorum imponeret“, neu in ecclesia eorum „iis invitis, diversis
757 2541 2673 2614 (personis) praebendas pro beneplacito suo assignaret“. Rozière Cartulaire du saint
760 2603 2151 2667 sépulcre p. 283, Migne 200 p. 471. — „Sicut ex relatione“.
707 2645 2673 2725 11382 (7611) P(etro) priori et fratribus S. Sepulcri Hierosolymitani significat, se A(mal-
192 2625 371 2731 „ 15.
488 2663 585 2742 „
757 2703 2673 2773 rico) patriarchae praescripsisse, „ut ab iis nonnisi tertiam partem cerae, quae ad
757 2764 2671 2822 ecclesiam eorum deferretur, requireret“, ut „si aliquam civitatum intravisset, et in
760 2817 2673 2877 eundo et redeundo ab expeditione ibidem moram fecisset, universas oblationes, quae
760 2875 2673 2932 ad eandem post secundum diem offerrentur, eos permitteret habere“, neu vetaret aut
762 2928 2673 2996 „corpora defunctorum ante altaria eorum deferri“, aut „cruces in die parasceve
757 2985 2673 3040 coram eisdem teneri“.  Hospitalarios quoque admonitos nunciat, ne „cum aliquam
760 3038 2675 3096 adversum eos querelam habuerint, decimas iis subtrahere attemptent“. Roxiere Car-
757 3093 2609 3151 tulaire du saint sépulcre p. 284, Migne 200 p. 472. — „Dilectos filios nostros“.
713 3138 2671 3208 11383 (7612) P(etrum) priorem et fratres S. Sepulcri Hierosolymitani certiores facit.
194 3146 375 3250 „ 15.
483 3155 589 3244 „
760 3204 2673 3261 se litteras ad Hospitalarios dedisse, ne decimas iis denegent, ne „in civitate Ioppen
757 3259 2671 3316 ecclesiam absque consensu patriarchae et eorum de novo aedificare praesumant“, neu
764 3308 2675 3378 „cum loppen supposita fuerit interdicto, in ecclesia sua, quae in corpore civitatis
762 3365 2673 3427 consistat, campanas pulsare, excommunicatos vel nominatim interdictos ad divina
764 3427 2671 3513 officia recipiant“. Roxiere Cartulaire du saint Sépulere p. 286. Migne 200 p. 473.
766 3478 1391 3573 — „Ddlectos filios nostros“.
927 159 1853 249 ALEXANDER III. 1159—1181.
2534 163 2662 260 207
