3007 3975
322 185 448 282 244
868 329 2766 417 1171. (Ind. 4. — 25. Sept. — 5, pont. a. 12. — 20. Sept. — 13, 1170. — 25. Mart. —1171.)
952 419 2858 477 p. 311: „XIII. kal. Iul.“, Granata Stor. sacr. di Capua II. 138: „III. kal. Iul.“, (Epist.
950 463 2856 532 Innocentii III. ed. Baluzius II. 197, ed. Migne 215 p. 1410). — „Officii nostri debito“.
344 477 558 611 Lun. 24.
603 479 839 622 Turentani.
897 518 2858 594 11897 (7956) Herberto (de Boscham) magistro significat, se Alberto tit. S. Laurentii
950 580 2858 642 in Lucina et Theodwino tit. S. Vitalis presbyteris cardinalibus, apostolicae sedis
950 633 2858 700 legatis, mandasse, ut ei „et aliis clericis ac laicis Thomae, quondam archiepiscopi
950 691 2861 753 Cantuariensis, gratiam et pacem Henrici regis Anglorum acquirant, et eos faciant
952 737 2861 814 reduci“. Hereberti de Boseham Opp. ed. Giles II. 303, Migne 200 p. 730. — „De-
950 801 1467 867 votionis tuae litteras“.
342 808 565 934 Lul. 15.
691 867 773 940 „
903 856 2863 916 11898 (7957) Archidiaconum, decanum, et clericos de Notinghamsyre hortatur, ut eccle-
952 912 2858 976 siae Southwellensis iura conservent. Mon. Anglic. III. app. p. 11, nov. ed. VIII. 1314,
952 962 2079 1024 Migne 200 p. 731. — „Cum suscepti regiminis“.
380 1020 561 1097 „ 28.
689 1029 775 1108 „
901 1020 2865 1079 11899 (7958) Ecclesiae S. Mariae Southwellensis protectionem suscipit, bonaque ac pri-
952 1068 2863 1139 vilegia confirmat. Monast. Anglic. III. app. p. 10, nov. ed. VIII. 1313, Migne 200
952 1128 1604 1190 p. 732. — „Ad hoc sumus“.
382 1161 558 1258 „ 28.
698 1152 768 1274 „
903 1177 2865 1254 11900 (7959) Monasterium S. Mariae Morimundense tuendum suscipit et eius bona ac
954 1238 2863 1311 iura, petente lacobo abbate, confirmat. Ughelli It. sacr. IV. 146, Migne 200 p. 734.
344 1291 565 1375 Aug. 20.
691 1291 773 1373 „
956 1289 1493 1360 — „Religiosam vitam“.
901 1340 2865 1413 11901 (7960) Robertum episcopum et abbatem Catanensem pallio ornat, ecclesiaeque
952 1395 2863 1468 iura confirmat. Acta SS. Febr. T. I. 656, (Pirri Sic. sacr. I. 531). — „Sicut beatissimi“.
382 1450 561 1532 „ 29.
700 1464 768 1537 „
905 1457 2865 1525 11902 (8139) Monachis Corbeiensibus (d. Ambian.) mandat, ut legatos mittant, qui
954 1508 2863 1576 monasterii libertatem contra archiepiscopum Remensem defendant. Gall. Chr. X. Instr.
952 1561 2538 1638 p. 318, Bouquet Rec. XV. 926, Migne 200 p. 847. — „Cum bonae“.
342 1570 563 1702 Sept. 6.
693 1629 775 1707 „
905 1620 2865 1691 11903 Monasterii S. Petri Corbeiensis protectionem suscipit, possessionesque ct privi-
952 1680 2867 1737 legia, rogatu Iohannis abbatis, confirmat, imposito fratribus unciae auri censu annuo.
956 1733 2865 1797 In bibl. nat. Paris. Cartul. noir de Corbie ms. lat. 17758. s. XIII. f. 226“, Cartul.
954 1784 2761 1855 blanc ms. lat. 17759. s. XIII—XIV. f. 13“. — „Apostolicae sedis auctoritate“.
377 1843 565 1916 „ 7.
687 1850 779 1925 „
905 1837 2870 1910 11904 Fratribus Corbeiensibus indulget, ut si quis propter monasterii libertatem quae-
952 1899 2867 1958 stionem in eos moverit, nulli nisi Romano pontifici vel legato eius respondere teneantur.
958 1947 2867 2014 In bibl. nat. Paris. Cart. noir. I. I. f. 229, Cart. blanc I. I. f. 32“, Coll. Grenier
958 2000 1595 2067 t. 53. f. 94. — „Hlla loca“.
380 2047 567 2142 „ 7.
689 2036 784 2137 „
908 2053 2874 2120 11905 Fratribus de Clerfay (Clerfagetum) praecipit, ne in fundo monasterii Corbeiensis
961 2120 2872 2181 edificium construant, utque fratribus ablatam decimam restituant. In bibl. nat. Paris.
956 2161 2783 2230 Cart. de Corbie ms. lat. 17761. s. XV. f. 29. — „Ex transmissa conquestione“.
388 2190 567 2309 „ 11.
691 2234 786 2309 „
910 2217 2872 2287 11906 (8148) Monachis Corbeiensibus significat, se Henrico, archiepiscopo Remensi, prae-
958 2272 2872 2343 cepisse, ut iniuriis in monasterium desisteret. Gall. Chr. X. Instr. p. 318, Bouquet
961 2325 2200 2402 Rec. XV. 927, Migne 200 p. 861. — „Illis ecclesiis“.
353 2354 572 2468 Oct. 22.
693 2398 782 2486 „
910 2380 2872 2462 11907 (7961) Canonicis ecclesiae Pratensis capellam S. Iacobi asserit. Ughelli It. sacr.
958 2438 1902 2510 III. 333. — „Quemadmodum aequitatis“.
393 2484 572 2583 „ 23.
700 2475 782 2585 „
914 2495 2872 2561 11908 (7962) (Rotrodo), archiepiscopo Rotomagensi, et (Theobaldo), episcopo Ambia-
965 2559 2874 2614 nensi, mandat, ut „in confinio terrae regis Francorum et regis Angliae, in marchia
967 2610 2874 2669 videlicet, Rogerum, archiepiscopum Eboracensem, (cui Fredericus, dictus imperator
963 2665 2874 2727 et persecutor ecclesiae noluerit, quod ad ipsum posset venire, securitatem praestare)
961 2722 2874 2782 convocent, qui iuret, quod pravas illas consuetudines nec iuramento, nec fide data,
967 2775 2874 2837 seu scripto firmaverit, neque regem provocaverit propter quod Thomas archiepiscopus
963 2831 2874 2888 Cantuariensis occisus fuerit, neque litteras, quibus, ne filio regis coronam imponeret, prae-
965 2877 2874 2943 cipiebatur, receperit“. Haec iuratum archiepiscopum restitui in integrum iubet. Epist.
967 2941 2874 3001 S. Thomae ed. Giles II. 65, ed. Lupus p. 868, Migne 200 p. 735. — „Et ipsa loci vicinitas“.
373 2939 494 3087 („)
689 2950 802 3096 („)
916 2992 2874 3051 11909 (7963) Rotrodo, archiepiscopo Rotomagensi, et (Theobaldo), episcopo Ambinia-
967 3049 2874 3107 nensi, scribit, „nolle se, ut alias Eboracensis archiepiscopus, licet aliter a se debere
967 3100 2874 3164 fieri postulaverit, innocentiam demonstret, quam ut ei, si hoc fecerit in cismarinis
972 3151 2872 3219 partibus, liceat officium suum exercere“. Epist. S. Thomae ed. Giles II. 67, ed.
969 3206 2474 3270 Lupus p. 870, Migne 200 p. 737. — „Quia nonnunquam evenit“.
366 3217 587 3345 Nor. 19.
711 3263 786 3358 „
921 3263 2874 3325 11910 (7964) Ecclesiam SS. quadraginta martyrum Tarvisinam tuendam suscipit eius-
969 3319 2872 3380 que possessiones et privilegia confirmat. Bull. Lat. p. 46. — „Religiosam vitam“.
404 3372 585 3456 „ 28.
647 3369 797 3623 „
925 3369 2878 3447 11911 (7965) Monasterii Camberonensis protectionem suscipit, bonaque ac privilegia
974 3431 2876 3504 confirmat, petente Daniele abbate. Miraei Opp. dipl. II. 1176, De Smet Cart. de
972 3480 2043 3577 Cambron p. 7. — „Piae postulatio voluntatis“.
1126 172 2050 271 ALEXANDER III. 1159—1181.
