3007 3975
304 203 430 298 246
852 362 1188 450 1170—1172.
932 421 2854 507 extorquere“ sed „ut quicumque viri idonei et litterati voluerint studia regere litte-
938 499 2854 571 rarum, eos sine molestia scholas regere patiantur“. Martene Coll. II. 853, Bouquet
936 545 2854 620 Rec. XV. 890, Migne 200 p. 741, (App. conc. Lat. II. 18, Coll. Lips. III. 2, Coll.
934 609 2850 675 Cass. XV. 2, Coll. Bamb. II. 5, Comp. I. L. 5. t. 4. c. 3, Decr. Greg. L. V. t. 5. c. 3).
324 649 547 790 Oa. 21.
945 666 1484 728 — „Quanto Gallicana“.
587 627 828 795 ra. -aun
885 704 2854 783 11926 Roberto decano et capitulo Ebroicensi significat, se episcopo eorum iteratis
936 772 2850 841 scriptis mandasse, „ut praeter voluntatem et assensum decani et aliarum personarum
934 830 2852 896 et maioris partis capituli eos de recipiendis vicariis non compellat“. Cart. du chap.
934 883 2850 945 d'Evreux s. XIII—XIV. f. 4b in Arch. dép. de l'Eure in Evreux. — „Licet olim venerabili“.
362 938 545 1020 „ 23.
671 934 760 1062 „
885 942 2852 1007 11927 (7974) (Petro), abbati S. Remigii, et B., archidiacono Remensi, mandat, ut inter
943 984 2850 1064 Warinum de Wimericurt et sororem uxoris eius iudicent. Sirmondi Opp. III. 875,
938 1046 2260 1106 Mansi XXI. 947, Migne 200 p. 742. — „Causam, quae“.
364 1086 545 1188 „ 27.
671 1097 760 1177 „
890 1106 2850 1172 11928 (7975) Henrico, archiepiscopo Remensi, et T(heobaldo), episcopo Ambianensi,
936 1152 2852 1225 mandat, ut R. mulieri ablata reddi iubeant. Martene Coll. II. 854, Migne 200
934 1210 1703 1278 p. 742. — „Ex conquestione R.“
360 1260 547 1373 „ 27.
676 1265 755 1380 „
885 1265 2852 1338 11929 (7976) Henrico, archiepiscopo Remensi, et (Theobaldo), episcopo Ambianensi,
934 1327 2850 1386 mandat, compellant ministeriales Ph(ilippi), comitis Flandrensis, ut R. mulieri quae
934 1378 2847 1439 abstulerint reddant. Martene Coll. II. 855, Migne 200 p. 743. — „Quia nebis P“
360 1419 541 1517 „ 29.
665 1373 760 1512 „
881 1428 2850 1499 11930 (7977) Henrico, archiepiscopo Remensi, mandat, ut cum (Theobaldo) episcopo
936 1495 2852 1550 Ambianensi simoniacos quosdam mores in episcopafu Tornacensi aboleat. Martene
934 1548 2779 1609 Coll. II. 855, Bouquet Rec. XV. 891, Migne 200 p. 743. — „Cum in ecclesia“.
362 1596 547 1682 „ 31.
665 1596 762 1682 „
883 1590 2850 1662 11931 (7978) Henrico, archiepiscopo Remensi, mandat, compellat (Theobaldum), epi-
934 1658 2847 1720 scopum Ambianensem, ut quem contra iura b. Petri „sibi obedientiam praestare
934 1715 2847 1775 coegerit“, abbatem S. Richarii „ab obedientia sua absolvat“. Martene Coll. II. 856,
934 1766 2470 1821 Bouquet Rec. XV. 892, Migne 200 p. 744. — „Quia te novimus“.
326 1797 545 1923 Nov. 4.
623 1806 762 1923 „„
883 1810 2850 1888 11932 (7979) Henrico, archiepiscopo Remensi, scribit de Rogeri, hominis fratrum Hiero-
936 1879 2847 1941 solymitani hospitalis, et Guiardi soceri controversia decernenda. Martene Coll. II. 857,
932 1927 2083 1989 Migne 200 p. 744. — „Accepimus ex transmissa“.
357 1980 543 2060 „ 7.
673 1905 755 2058 „
881 1983 2847 2047 11933 (7980) Henrico, archiepiscopo Remensi, mandat de P., presbytero villae Curtis-
932 2033 2812 2095 munt, removendo. Martene Coll. II. 858, Migne 200 p. 745. — „Parochiani de“.
353 2095 539 2164 „ 8.
667 2089 760 2221 „
883 2093 2847 2164 11934 (7981) Petro, abbati S. Remigii, et Fulconi, decano Remensi, mandat, „dure et
932 2142 2847 2214 aspere puniant“ I. presbyterum de burgo S. Remigii, qui, cum „in die dominico coram
934 2199 2845 2265 clericis et laicis, postposita modestia clericali, choreas duceret“, a scholaribus burgi
934 2261 2847 2318 S. Remigii increpatus et irrisus, „ostium et fenestras scholarum ausu temerario fre-
936 2309 2847 2382 gerit, et in quosdam ex ipsis scholaribus violentas manus iniecerit, et in ipsos ex-
934 2360 2847 2431 communicationis sententiam promulgaverit“. Omnibus interdici iubet, „ne praefatos
934 2422 2847 2484 scholares contra libertatem eorum in aliquo molestare audeant vel gravare, quamdiu
934 2479 2847 2537 coram magistro suo parati sint iustitiae stare“. Sirmondi Opp. III. 884, Bouquet
934 2530 2607 2590 Rec. XV. 892, Mansi XXI. 956, Migne 200 p. 746. — „Audivimus ex“.
353 2559 543 2663 „ 9.
671 2568 760 2674 „
883 2577 2847 2647 11935 (7982) (Petro), abbati S. Remigii, et decano Remensi mandat, cogant monachos
936 2634 2847 2703 de Gardo et abbatissam S. Michaelis Vurlensis, ut damna A., abbati ecclesiae Aqui-
934 2698 2847 2760 cinensis, illata reparent; praecipiantque abbatissae et monialibus, ne excommunicatos
936 2753 2845 2813 recipiant, „et si quos excommunicationis vinculo innodatos sepelierint, eos detumu-
936 2802 2847 2868 lare et de coemiterio eiicere non postponat“. Sirmondi Opp. III. 878, Mansi XXI.
936 2857 2118 2919 050, Migne 200 p. 747. — „Dilectus filius noster“.
357 2846 545 2998 „ „
671 2864 755 2998 „
888 2903 2847 2979 11936 Rogero abbati et fratribus S. Mariae de Driburgh ecclesias quasdam in Scotia
934 2961 2845 3032 et ecclesiam de Askeby in Westmerland sitas asserit. Liber S. Mariae de Drib.
936 3016 1862 3093 p. 203. — „Iustis petentium desideriis“.
364 3076 547 3157 „ 16.
669 3078 757 3160 „
888 3069 2847 3149 11937 (7983) (Petro), abbati S. Remigii, et Fulconi, decano Remensi, mandat, ut
941 3133 2845 3197 Agnetis, filiae Balduini de Aigne, et Girardi de Landas controversias discernant.
934 3180 2841 3250 Sirmondi Opp. III. 883, Mansi XXI. 955, Migne 200 p. 747. — „Ex litteris, quas“.
366 3213 550 3345 „ 25.
669 3239 760 3334 „
888 3230 2847 3308 11938 (7984) (Petro), abbati S. Remigii Remensis, et priori S. Martini de Campis
934 3294 2845 3361 mandat, ut G(irardi) abbatis Gardensis et (Eustachii) abbatis S. Petri Selincurtensis
934 3347 2839 3414 litem discernant. Sirmondi Opp. III. 879, Mansi XXI. 950, Migne 200 p. 748. —
936 3409 1621 3467 „Ex transmissa conquestione“.
364 3464 550 3537 „„ 24.
669 3400 755 3628 „
890 3451 2843 3522 11939 (7985) Henrico, archiepiscopo Remensi, mandat, ut Rainerium et Galterium
938 3513 2845 3617 fratres, qui „in presbyterum calore iracundiae succensi violentas manus iniecerint
1117 200 2045 302 ALEXANDER III. 1159—1181.
