3007 3975
645 335 978 430 1170—1172.
726 388 2649 483 et, eo non laeso, capitulo Cameracensi et sacerdoti satisfecerint“, absolrat. Martene
722 468 2185 530 Coll. II. 858, Migne 200 p. 749. — „Ex transmissa relatione“.
678 516 2649 589 11940 (7986) Henrico, archiepiscopo Remensi, mandat, compellat Ric. canonicum, ut
380 510 616 677 pceaten
132 503 351 602 Nov. 24.
731 589 2646 653 G. clerico debita solvat ac de illatis damnis satisfaciat. Martene Coll. II. 859,
731 633 1813 706 Migne 200 p. 750. — „Conquerente nobis G.“
678 682 2646 755 11941 Conventus Branensis procurationem in festo S. Vincentii ac redditus quosdam
165 669 342 777 „ 24.
461 686 563 810 „
731 753 2646 814 confirmat. In tabul. nat. Paris. Cartul. de St. Vved de Braine s. XIII. LL. 1583.
729 795 1451 870 f. 21. — „Quotiens super his“.
680 843 2651 920 11942 (7987) Manfredi, S. Georgii ad velum aureum diaconi cardinalis, legati apo-
163 845 342 936 „ 26.
468 874 565 969 „
729 907 2649 976 stolici, sententiam confirmat, qua Lovoleti locus, ab episcopo Mutinensi occupatus,
731 958 2649 1029 monachis Nonantulanis adiudicatur. Tiraboschi St. di Non. II. 276, Migne 200
731 1020 1504 1093 p. 750. — „Ea, que auctoritate“.
680 1060 2653 1143 11943 (7988) Henrico, archiepiscopo Remensi, mandat, ut G. diacono, a Gerone „illo
161 1051 344 1139 „ 27.
470 1020 558 1196 „
731 1126 2653 1190 schismatico et superimposito Alberstadensi“ ordinato, ecclesiam suo rogatu a (Desi-
733 1192 2653 1247 derio) episcopo Morinensi collatam adimat. Martene Coll. II. 860, Schmidt Urk. d.
731 1238 2598 1300 Hochst. Halberstadt I. 235, Migne 200 p. 751. — „Significavit nobis venerabilis“.
687 1300 2653 1358 11944 (7989) Henrico, archiepiscopo Remensi, mandat, sacerdotem S. Manehildis ex-
161 1289 344 1369 „ 27.
470 1287 558 1375 „
737 1349 2651 1415 communicatione cogat, ut fratribus Maurimontensibus de illatis iniuriis satisfaciat.
733 1402 2324 1466 Martene Coll. II. 861, Migne 200 p. 752. — „Ex parte dilectorum“.
684 1457 2653 1523 11945 (7990) Henrico, archiepiscopo Remensi, mandat, compellat abbates S. Andreae
165 1448 344 1552 „ 29.
463 1448 561 1550 „
733 1519 2653 1576 de Castello et S. Sepulcri atque canonicos S. Gaugerici et Phil. militem de Rumi-
733 1574 2655 1634 niaco, ut ab infirmis Cameracensibus „de novalibus et nutrimentis animalium decimas
733 1629 2655 1696 exigere“ desinant. Martene Coll. II. 861, Bouquet Rec. XV. 893, Migne 200 p. 752.
737 1678 1303 1749 — „Iteratam querelam“.
687 1722 2653 1804 11946 (7991) (Henrico), episcopo Silvanectensi, et (Petro), abbati S. Remigii Remensis,
165 1711 344 1808 „ 30.
468 1711 558 1846 „
737 1784 2657 1852 mandat, moneant monachos S. Remigii Branenses, ne „comitis vel comitissae fami-
737 1848 2657 1910 liam, vel milites castri, aut supervenientes, sive uxores eorum aut liberos, vel familias
737 1894 2657 1963 suas“ a frequentanda S. Mariae ecclesia prohibeant. Sirmondi Opp. III. 873, (Mansi
737 1947 1942 2025 XXI. 944, Migne 200 p. 754). — „Ad audientiam“.
691 2014 2657 2080 11947 (7992) (Henrico), episcopo Silvanectiensi, et (Petro), abbati S. Remigii Remensis,
165 1998 344 2075 „ 30.
466 2000 565 2131 „
740 2071 2660 2126 negotium dat, ut monasterio S. Mariae Branensi decumas quasdam a monachis Cor-
742 2122 2657 2181 beiensibus et a monachis S. Leodegarii (Suessionensibus) restitui cogant. Sirmondi
737 2177 2355 2234 Opp. III. 873, Mansi XXI. 944, Migne 200 p. 753. — „Dilecti filii“.
689 2228 2660 2294 11948 (7993) Abbati et fratribus Corbeiensibus praecipit, ut aut monasterio S. Mariae
167 2217 346 2309 „ 30.
468 2223 574 2323 „
740 2279 2657 2349 Branensi ablatam decimam restituant, aut episcopi Silvanectensis et abbatis S. Remigii
740 2338 2657 2413 Remensis iudicium subeant. Sirmondi Opp. III. 875, Mansi XXI. 946, Migne 200
740 2391 1314 2468 p. 755. — „Dilecti filii“.
689 2438 2660 2513 11949 (7994) (Theobaldo) Ambianensi et Tornacensi episcopis et (Petro) abbati S. Re-
167 2442 349 2517 „ 30.
470 2460 565 2568 „
740 2499 2660 2568 migii Remensis, mandat, ut abbatis Branensis et Iohannis militis de Hostel contro-
744 2557 2660 2623 versiam disceptent. Sirmondi Opp. III. 874, Mansi XXI. 945, Migne 200 p. 755.
742 2619 1513 2685 — „Ex transmissa conquestione“.
134 2641 355 2797 D s.
691 2658 2660 2736 11950 (7995) Henrico, archiepiscopo Remensi, mandat, ne fratres S. Medardi a Godoini
472 2661 574 2786 „
740 2729 2662 2789 heredibus de pecunia quadam, ipsi Godoino iam restituta, vexari sinat. Martene
737 2782 2118 2848 Coll. II. 862, Migne 200 p. 756. — „Significantibus nobis“.
695 2842 2660 2903 11951 (7996) Henrico, archiepiscopo Remensi, mandat, compellat Milonem Arrivatum,
167 2817 355 2915 „ 2.
470 2839 572 2934 „
742 2892 2660 2952 ut fratribus Maurimontensibus quadraginta sextarios annonae restituat. Martene
742 2952 2043 3012 Coll. II. 863, Migne 200 p. 757. — „Ex parte abbatis“.
693 2992 2662 3062 11952 (7997) Universos fideles per regnum Franciae constitutos hortatur, ut nuncios
167 2959 353 3071 „ 8.
472 2968 570 3127 „
744 3060 2662 3113 canonicorum ecclesiae Nazarenae benigne recipiant et „eis caritatis solatia et sub-
746 3104 2662 3171 ventionis auxilium porrigant“. Martene Coll. II. 863, Bouquet Rec. XV. 893, Migne
744 3153 1690 3233 200 p. 757. — „Civitatum, castellorum“.
693 3213 2660 3283 11953 (7998) Henrico, archiepiscopo Remensi, mandat, iudicet inter Theobaldum et eius
178 3199 357 3299 „ 9.
740 3266 2660 3332 fideiussores de Appia. Martene Coll. II. 865, Migne 200 p. 758. — „Insinuante nobis“.
698 3325 2662 3387 11954 (7999) Henrico, archiepiscopo Remensi, monasterium Corbeiense commendat.
174 3301 355 3398 „ 9.
479 3312 572 3392 „
746 3383 2657 3442 Martene Coll. II. 869, Bouquet Rec. XV. 894, Migne 200 p. 758. — „Comperto nobis“.
695 3440 2662 3498 11955 Droconi praeposito, Fulconi decano, Gregorio cantori et capitulo Remensis eccle-
167 3418 362 3566 „ 9.
455 3416 583 3632 „
751 3491 2657 3597 siae significat, confirmare se ad petitionem Remriei arehiepiscopi ea, quae b. m.
910 174 1836 278 ALEXANDER III. 1159—1181.
2514 176 2644 269 247
