3007 3975
322 170 446 247 248
870 318 1197 401 1170—1172.
952 375 2865 463 Sanson de residentia canonicorum statuerit. Ex bibl. nat. Paris. Coll. Baluxe t. 385.
952 448 2006 518 n. 236. Misit Delisle. — „Quae a praelatis“.
346 483 561 598 Dec. 10.
603 472 843 589 Tusenlani
897 496 2865 567 11956 (8000) Henrico, archiepiscopo Remensi, mandat, ut M. viduam a G(uidonis) epi-
954 567 2863 640 scopi Catalaunensis iniuriis defendat. Martene Coll. II. 869, Migne 200 p. 759. —
950 611 1292 671 „Nullus esset“.
375 653 561 764 „ 11.
691 693 777 764 „
901 655 2865 739 11957 (8001) (Petro), abbati S. Remigii Remensis, praecipit, ne Robertum et Martinum
952 730 2865 783 monasterii sui homines ideo vexet, quod „de alterius dominio uxores duxerint“. Sir-
952 772 2863 854 mondi Opp. III. 856, Bouquet Rec. XV. 894, Mansi XXI. 926, Migne 200 p. 759.
952 836 1475 901 — „Perlatum est ad“.
375 845 565 984 „ 11.
687 834 775 1033 „
901 878 2865 951 11958 (8002) Henrico, archiepiscopo Remensi, mandat, iudicet inter Lambertum et Bar-
952 947 2865 1009 tholomaeum super ecclesia de Octava certantes. Martene Coll. II. 870, Migne 200
954 995 1650 1062 p. 760. — „Cum Lambertus“.
382 1044 563 1148 „ 12.
684 1046 773 1141 „
901 1053 2867 1113 11959 (8003) B(arbedauri) decani et capituli Parisiensis de canonicis forinsecis con-
952 1115 2865 1177 stitutionem probat. Baluzii Misc. III. 21, Mansi XXI. 1067, Migne 200 p. 760,
954 1168 2721 1230 (Collection des Cartulaires IV. 227). — „Ea, quae ad“ („Ex litteris autem“).
375 1199 558 1305 „ 18.
684 1234 775 1305 „
905 1216 2867 1280 11960 (8004) (Petro), abbati S. Remigii, et Fulconi, decano Remensi, mandat, com-
952 1278 2865 1338 pellant abbatem Hamensem, ut abbati Humulariensi hominem quemdam restituat.
950 1320 2865 1397 Sirmondi Opp. III. 857, Mansi XXI. 927, Migne 200 p. 761. — „Dilectus filius“.
380 1362 565 1472 „ 18.
689 1411 782 1477 „
901 1386 2865 1446 11961 (8005) Henrico, archiepiscopo Remensi, mandat, ut Gerardum de loecort ab
952 1439 2865 1506 iniquis Bernardi leprosi postulationibus tueatur. Martene Coll. II. 870, Migne 200
950 1499 1911 1565 p. 761. — „Ex transmissa conquestione“.
380 1519 558 1636 „ 1s.
673 1508 782 1634 „
899 1548 2867 1609 11962 (8006) Henrico, archiepiscopo Remensi, mandat, ut Albertum excommunicatum
954 1609 2867 1671 absolvat, eique ecclesiam de Angeio et Cersolio restituat. Martene Coll. II. 871,
952 1654 2010 1726 Migne 200 p. 762. — „Ad apostolicae sedis“.
380 1698 561 1804 „ 18.
678 1698 786 1813 „
903 1713 2870 1775 11963 (8007) Henrico, archiepiscopo Remensi, mandat, compellat Drogonem, cancellarium
952 1771 2867 1828 Noviomensem, ut suscepta poenitentia in monasterium revertatur, et P(etrum) „dictum
954 1824 2867 1885 electum“ Cameracensem, ut vexare ecclesiam Maricolensem desinat. Martene Coll.
950 1877 2673 1947 II. 872, Bouquet Rec. XV. 895, Migne 200 p. 763. — „Cum gravia sint“.
353 1894 470 2018 („
682 1890 775 2014 „
899 1921 2865 1996 11964 (8008) Philippo, comiti Flandrorum, mandat, inducat (Petrum) „dictum electum“
952 1989 2867 2049 Cameracensem, ut archiepiscopo (Remensi) obediat, neve ecclesiae Maricolensi iniurias
954 2044 2865 2108 inferat. Martene Coll. II. 873, Bouquet Rec. XV. 895, Migne 200 p. 764. — „Re-
950 2095 1352 2164 latum est nobis“.
377 2126 565 2234 „ 18.
676 2111 777 2245 „
899 2137 2870 2214 11965 (8009) Abbati Hamensi mandat, ut Drogonem canonicum, excommunicatione
954 2210 2867 2281 proposita, in monasterium revocet. Martene Coll. II. 874, Bouquet Rec. XV. 896,
954 2270 1953 2334 Migne 200 p. 764. — „Cum scriptum sit“.
375 2287 565 2409 „ 21.
673 2279 777 2407 „
903 2301 2870 2389 11966 (8010) Henrico, archiepiscopo Remensi, mandat, ut Odonem macellarium Richerio
952 2371 2867 2446 reddere libras 17 cogat. Martene Coll. II. 874, Migne 200 p. 765. — „Ex trans-
950 2418 1341 2495 missa relatione“.
901 2460 2870 2544 11967 (8011) Petro, abbati S. Remigii, et Fulconi, canonico Remensi, mandat, ut pupillis
954 2537 2865 2599 quibusdam a Io. Suessionensi reddi terram quamdam iubeant. Sirmondi Opp. III. 852,
954 2585 2492 2658 Mansi XXI. 922, Migne 200 p. 765. — „Ad audientiam nostram“.
899 2643 2870 2718 11968 (8012) Petro, abbati S. Remigii Remensis, mandat, ut pupillorum quorumdam
952 2700 2865 2767 et God. Suessionensis viduae de domo quadam controversiam dirimat. Sirmondi Opp.
952 2751 2660 2842 III. 852, Mansi XXI. 922, Migne 200 p. 766. — „Recepta conquestione“.
870 2833 1190 2956 171—1172.
346 2945 567 3058 lan. 20.
603 2945 843 3058 Tusrenlani
899 2937 2865 3047 11969 (8013) Renrico, archiepiscopo Remensi, seribit de wmlardo presbytero, si for-
952 3027 2858 3102 nicationi obnoxius sit, removendo. Martene Coll. II. 878, Migne 200 p. 766. —
954 3091 1665 3157 „Sigpificavit nobis venerabilis“.
382 3109 563 3210 „ 21.
689 3155 773 3221 „
901 3122 2865 3206 11970 (8014) Henrico, archiepiscopo Remensi, mandat, ut V. et I. presbyterorum de
952 3184 2863 3257 ecclesia S. Mariae controversiam intra dies 15 ipse decernat. Martene Coll. II. 879,
952 3250 1946 3319 Migne 200 p. 767. — „Significante nobis“.
384 3266 561 3396 „ 2„
682 3316 773 3422 „
905 3297 2863 3376 11971 (8015) Henrico, archiepiscopo Remensi, (Guidoni), episcopo Catalaunensi, et
954 3356 2863 3422 (Arnulfo) electo Virdunensi, mandat, cogant castellanum Vitriaci, ut monasterio
954 3400 2863 3469 Caladino de illatis damnis iniuriisque satisfaciat. Calmet Hist. de Lorr. II. Pr. p. 358,
958 3462 2861 3584 Martene Col. Ii. Ssl. Bouquet Rec. Xy. ss6. Niene 2oo p. 768. —„Relieiosos viros“
1129 156 2052 262 ALEXANDER III. 1159—1181.
