3007 3975
322 141 437 242 422
859 291 2160 382 1161. (Ind. 9. — 25. Sept. — 10, pont. a. 2. — 4. Oct. — 3.)
941 362 2856 441 menbrum comprobabit, quam, sicut superius diximus, caput et magistram tocius ec-
945 432 2854 490 clesiae redemptor et salvator noster instituit. Datum Taurini 17 Kalendas Februarii“.
943 483 2856 558 Ex cod. S. Petri Salzburgensi saec. XII. Dedit Wattenbach. De tempore cf. Reuter
945 545 1710 605 I. 174. — „Divinis humanisque“.
335 541 552 660 Mart. 18.
636 565 799 662 Albae
890 583 2856 662 14446 (9386) Monachis Einsidlensibus Vare praedium asserit. Tschudi Chron. Helv. I. 82.
943 655 1685 717 — „Iustis petentium desideriis“.
338 695 565 766 Mai 11.
581 691 830 779 Cremonae
890 706 2858 768 14447 Monasterii Tuitiensis, rogatu Halberni abbatis, protectionem suscipit, possessiones
943 755 2858 825 cum decimis confirmat, fratribusque liberam abbatis eligendi facultatem dat. Pflugk-
941 814 2017 883 Harttung Acta I. 286. — „Quotiens ea quae“.
368 850 554 942 „ 11.
676 867 764 987 „
892 863 2856 929 14448 Monasterii Tuitiensis, rogatu Hartberni abbatis, protectionem suscipit, decimas-
941 925 2856 991 que et iura quaedam confirmat. (Bullam falsam esse, contendit Pflugk-Harttung I. I.;
941 978 2854 1048 cui assentire nequeo). Lacomblet Urkundenb. IV. 778, Pflugk-Harttung Acta I. 287.
943 1037 1491 1101 — „Quotiens ea quae“.
373 1066 554 1152 „ 21.
669 1086 768 1161 „
883 1084 2858 1152 Concilium. Chronica regia Colon. in MG. SS. XVII. 773, ed. Waitz p. 106: „Similia
945 1148 2856 1203 (atque in concilio Papiensi a. 1160) acta sunt apud curiam et synodum, quam im-
941 1201 2858 1260 perator Cremonae habuit in dominica, quae est ante ascensionem Domini“; cf. supra
943 1254 2858 1320 ep. 14445). Annal. Laubienses 1161 in MG. SS. VI. 24: „Victor mense Maio Cre-
941 1309 2856 1369 monae cogit concilium, ad quod de toto imperio Romano personae confluunt; ipse etiam
945 1362 2856 1424 imperator praesens adest“. Gest. abb. Trudon. Cont. Lib. III. c. 8 in MG. SS. X.
943 1415 2856 1479 348 de hoc concilio perperam ad annum 1160 narrant: „Transalpini clerici, Ger-
938 1470 2699 1532 mani videlicet, Francigenae et Anglici ac diversarum aderant provinciarum“.
335 1503 554 1614 fun. 3.
678 1530 760 1620 „
888 1521 2856 1594 14449 *Wirico, abbati S. Trudonis, usum anuli et mitrae concedit „in vigilia pente-
941 1574 2436 1649 costes“. Gest. abb. Trud. Cont. L. III. c. 8. in MG. SS. X. 348.
382 1614 552 1702 „ 4.
669 1623 757 1707 „
892 1640 2229 1702 „Sequenti die“. Gest. abb. Trud. Cont. Lib. III. c. 8. I. I.
364 1687 550 1764 „ 9.
660 1687 768 1762 „
888 1691 2856 1757 14450 Monasterii S. Trudonis tutelam suscipit, possessionesque et privilegia confirmat,
943 1751 2858 1810 petente Wirico abbate. Piot Cartul. de S. Trond I. p. 97, (Gest. abb. Trud. Cont.
943 1806 2229 1872 L. III. c. 8 in MG. SS. X. 348). — „Quotiens ea que“.
360 1841 552 1923 „ 9.
665 1846 760 1923 „
892 1857 2858 1919 14451 Monasterii Epternacensis protectionem suscipit ac libertatem et possessiones con-
943 1908 2858 1972 firmat, petente Friderico, Romanorum imperatore. Gerardo abbati eiusque successo-
943 1967 2854 2033 ribus usum mitrae, sandaliorum, dalmaticae et ius praedicandi concedit. Beyer M.
941 2014 1891 2086 U. I. 683. — „Pie postulatio voluntatis“.
368 2064 550 2137 „ 17.
609 2011 824 2135 Landam
890 2078 2858 2146 pervenit „die sabbati, quae fuit septimodecimo die mensis Iunii“. Ottonis Morenae Hist.
943 2133 1506 2195 in MG. SS. XVIII. 632.
371 2177 550 2245 „ 19.
614 2175 810 2259 Laudae
888 2168 2858 2248 Concilii die primo Victor iterum papa sancitur. Ottonis Morenae Hist. p. 632: „festi-
943 2234 2856 2303 vitate SS. Gervasii et Protasii inceptum est concilium, quod a principio Papiae, deinde
941 2296 2856 2362 Cremonae fieri dispositum fuerat, postremum . . . . Laudae celebratum est“. An-
941 2345 2540 2409 nal. S. Petri Erphesfurd. 1161 in MG. SS. XVI. 22: „XIII. kal. Iul.“.
375 2380 550 2468 „ 20.
678 2396 768 2524 „
888 2402 2856 2471 Concilii die altero „XII. kal. Iulii . . . . praesente imperatore Friderico, Rudolfum
943 2460 2858 2519 Moguntinum electum et Christianum superelectum utrosque ecclesiastica censura depo-
943 2515 2856 2577 suit, et Cunradum, Ottonis Noricorum palatini comitis germanum, praefatae sedi in-
945 2563 2856 2625 thronizavit“. Chron. Sampetrinum 1161 in Geschichtsqu. d. Pr. Sachsen I. 32, cf.
945 2621 2854 2683 Ann. S. Petri Erphesf. 1161 in MG. SS. XVI. 22. (Iam hoc die Conradum a Vic-
945 2683 2854 2742 tore investitum esse, non concordare cum epistola 14472, ad Christianum destinata,
943 2733 2854 2800 putat Reuter I. 582 not. c. Notetur vero oportet, in epistola laudata litteram C. non
943 2786 1997 2853 Christianum, sed Conradum supplendam esse).
368 2824 552 2906 „ 22.
678 2817 762 2908 „
883 2837 2856 2903 Concilii die supremo „festivitate S. Iacobi Alphaei excommunicantur Ubertus, Medio-
943 2892 2854 2959 lanensis archiepiscopus, una cum consulibus Mediolani et omnes eorum consiliarii et
943 2945 2854 3014 (Hugo), episcopus Placentinus, et (Raimundus) Brixiensis, et Placentiae ac Brixiae
943 3001 2854 3069 consules, ac omnes illi, qui interfecerant (Arnoldum), archiepiscopum Moguntinum,
945 3060 2852 3120 et qui in eius morte consenserant; et GGerardus) episcopus Bononiensis et . . . . . .
943 3118 2852 3186 deponuntur irrecuperabiliter; episcopus vero (lohannes) Patavinus, et episcopus . . . „.„
943 3168 2852 3237 usque ad Kalendas Augusti termino eis dato, ab officio suspenduntur“. Ottonis Mo-
941 3221 1778 3281 renae Hist. in MG. SS. XVIII. 632.
366 3215 552 3389 „„
676 3263 766 3347 „
890 3270 2850 3345 14452 Balduino, abbati Lesbornensi, et Guntero, praeposito Lippoldsbergensi, mandat,
943 3336 2852 3394 commoneant sub anathematis poena Lambertum clericum et laicum E. ac alios quos-
943 3380 2850 3467 dam, ut presbytero Egrich infra 40 dies de illatis iniuriis satisfaciant. Stumpf Acta
943 3442 2138 3546 Magunt. p. 76. — „Lector Gleg. Lator) presentium“.
881 139 2328 240 VICTOR IV. (OCTAVIANUS) antipapa. 1159— 1164.
