3007 3975
333 178 459 271 424
874 318 2196 417 1162. (Ind. 10. — 25. Sept. — 11, pont. a. 3 — 4. Oct. — 4.)
908 395 2870 474 14466 Conrado, abbati Corbeiensi, usum sandaliorum, dalmaticae, mitrae et anuli, alia-
956 463 2870 525 que privilegia concedit. Monasterii tutelam suscipit ac possessiones confirmat. Wil-
954 516 2061 578 mans Additamenta p. 47. — „Et iustitie ratio“.
351 516 574 669 Ma 4.
596 569 846 658 Cremonae
905 565 2872 638 14467 (9398) Clero episcopatus Halberstadensis significat, se Geroni episcopo et eius
956 631 2870 686 successoribus crucis palliique usum asseruisse, eique „vices suas ac plenam potestatem
956 684 2867 742 commisisse super suspendendis seu absolvendis praepositis et decanis, qui ad concilium
961 737 2867 801 vocati venire contempserint“. Pflugk-Harttung Acta I. 289, Schmidt Urk. d. Hochst.
956 783 1844 856 Halb. I. 226. — „Ad sedem pietatis“.
388 836 565 942 „ 13.
612 839 846 914 Bononiae
908 845 2874 907 14468 (9399) Abbati Hersfeldensi usum infulae, dalmaticae, sandaliorum, annuli con-
956 901 2633 967 concedit. Wenck Hess. Landesg. III. Urk. p. 76. — „Officii nostri nos“.
391 951 567 1033 „ 17.
623 949 828 1022 Parmae
910 958 2870 1020 14469 Herleboldo, abbati Stabulensi, concedit, ut quibusdam diebus festis utatur anulo,
958 1013 2872 1071 mitra, dalmatica, sandaliis, utque in ecclesia sermonem ad populum faciat. Neues
958 1064 2870 1132 Archiv II. 215, Pflugk-Harttung Acta I. 289, (Mém. de l'acad. roy. de Belgique XXI.,
958 1110 2472 1185 Notice de Stavelot par Gachard p. 14). — „Consuevit apostolice“.
351 1177 879 1274 Aug. 29. ap. Laonam
892 1174 2874 1243 super pontis medium fluvii Saonae a Friderico imperatore „in decollatione S. Iohannis
963 1234 2874 1289 baptistae“ nocte deducitur. Cf. Chron. reg. Colon. 1162 in MG. SS. XVII. 777, ed.
965 1278 2874 1342 Waitz p. 112, Gesta abb. Trud. Cont. libr. III. c. 8 in MG. SS. X. 348, Hugonis
961 1331 2874 1400 Pictav. Hist. Vizel. ap. D'Achery II. 540, in MG. SS. XXVI. 146. (Laona, hodie
961 1395 2874 1453 St. Jean de Laone, sita est in loco, ubi flumen Ouche incidit in Saonam. De scrip-
958 1450 2715 1506 torum relationibus, de die locoque uberrime disseruit Reuter I. 527 not. d.).
349 1488 574 1607 Sept. 7.
600 1479 855 1576 ap. Laena
908 1503 2870 1565 14470 (9400) Monasterium Fultenbacense tuendum suscipit. Fhamm Hier. Aug. V.
609 1572 848 1623 (Laonam)
954 1550 2198 1625 (Pars III. Reg.) 286. — „Iustis petentium desideriis“.
391 1625 870 1726 „ 7. ap. Lconam
901 1607 2870 1682 Concilium. Chronica regia Colon. 1162 in MG. SS. XVII. 777, ed. Waitz p. 112:
967 1660 2872 1735 „Generali synodo indicta . . . . . . Fridericius imperator et Waldemarus rex Dano-
963 1724 2870 1793 rum cum tota illa frequentia pontificum et principum Victorem universalem papam
963 1777 2872 1839 nominant, et Alexandrum cum suis sequacibus scismaticos iudicant“. — Saxonis
963 1835 2872 1892 Grammatici Gesta Danor. ed. Müller p. 781, ed. Holder p. 538: „Octavianus, vocato
963 1890 2872 1949 concilio, quam iustis suffragiis in adipiscendo sacerdotio usus fuerit, loquacius quam
965 1945 2874 2002 verius astruit; Rodlandum vero honorem, quem oblatum repudiasset, vetitum occu-
965 1996 2870 2062 passe; seque causam suam generali pontificum cognitioni inspiciendam praebente,
961 2053 2870 2115 illum impietatis conscientia canonicae discretionis iudicium formidare. Praeterea, ad
961 2100 2872 2168 conciliandos sibi pontificum animos, eorum dignitatem benignis decretorum sanctioni-
961 2157 2872 2223 bus adornat: „„haud prius Romanam ad sedem provocandum, constituens, quam si
963 2214 2872 2279 lis ipsorum pronunciatione finiri non possit““. Finiente eo Caesar: „„provinciarum
963 2276 2872 2334 reges huius controversiae finiendae gratia ad colloquium a se invitatos““ dicit, „„eorum
961 2327 2870 2387 sententiae repugnare nefas ducturo; quos ideo non adesse, quod in Romani impe-
958 2376 2870 2444 ratoris iniuriam Romae pontificem creare cupiant, alienae civitatis ius suis suffragiis
958 2438 2872 2499 administrare conantes““. Post haec Regnaldus, Coloniae urbis antistes, religionis
958 2493 2870 2550 causam dicere adorsus, quanto iniuriae pondere Romani imperatoris aequitatem pro-
963 2546 2867 2608 vincialium regum temeritas attentaret, argumentando demonstrare pergit: „„Nam si
961 2603 2870 2661 controversiam in eorum civitatibus de pontificatu ortam Caesar suis suffragiis finire
961 2654 2865 2718 vellet, haud dubie id gravium iniuriarum loco ducerent, cum ipsi simile in urbe
961 2709 2865 2775 Roma perpetrare conentur““. Quam assertionem tam valido rationis praesidio sub-
961 2767 2870 2828 nixam putavit, ut nunc Latialiter, nunc Gallice Germaniceque fando, ternis actionem
961 2820 2867 2888 vocibus iteraret . . . Assensis itaque pontificibus, cum Octavianus . . . accensis lumini-
963 2870 2865 2939 bus adversum Alexandrum eiusque suffragatores solenni execratione usurus videretur,
963 2928 2867 2987 Waldemarus, hortante Absalone (episcopo Roschildensi), ne sacrilego eius facinori
961 2985 2867 3043 interesset, concione excessit“. Concilium hoc non die 29. Aug., in quem indicta
958 3032 2870 3098 erat teste Chron. reg. Col. I. I., sed die 7. et 8. m. Augusti celebratum esse probat
963 3089 2865 3160 Router I. 529; De fide relationis apud Saxonem Gramm. cf. ibid. p. 530 not. h.,
956 3146 2151 3215 Prutz Friedrich I. Bd. I. 424, Hefele 2 ed. V. 605.
386 3171 872 3266 „ S. ap. Laonam
897 3182 2867 3263 Livonem, electum Othoniensem, consecrat „die postero“. Saxo Grammaticus ed. Mdller
958 3259 1586 3316 p. 784, ed. Holder p. 539.
388 3312 567 3383 „ 11.
620 3301 828 3416 Biauntii
908 3305 2867 3374 14471 (9401) Ecclesiae Bonnensis iura ac possessiones confirmat, petente Gerardo prae-
954 3358 2660 3429 posito. Günther Cod. dipl. Rh. Mos. I. 371. — „Ut devotis et humilibus“
382 3416 570 3546 „ 11.
678 3420 777 3575 „
908 3409 2865 3482 14472 (9402) C(onradum), electum Moguntinum, hortatur, ne monasterium Werbense,
956 3473 2863 3575 C(onrado) abbati Corbeiensi a sese traditum, iuiuriis atfici a Bobbone comite patiatur.
892 170 2337 269 VICTOR IV. (OCTAVIANUS) antipapa. 1159—1164.
