3007 3975
307 159 428 253 762
848 315 1014 412 1163.
932 357 2845 457 di Mrl. VI. p. 299—306, ubi argumentum fusius exponitur; bullam datam esse Turoni
934 446 2843 516 „d. 14. Apr.“, Giulini l. l. dicit; mense vero Aprili papa Parisius erat. Bullam hanc
934 510 2843 571 in regestis nostris non exstare, recte animadvertit Gräf Die Gründung Alessandrias,
934 565 2845 640 Diss. Berol. 1887, p. 24, neque vero vidit. diem et locum non concordare verbaque
934 618 1765 686 „14. Apr.“ mendum certe continere.
850 684 1206 777 1163— 1164.
322 730 541 865 Dec. 3.
605 748 806 859 Senonia
881 761 2845 845 10983a Archiepiscopis, episcopis et aliis sanctae ecclesiae praelatis mandat, curent, ne
932 832 2843 894 fratribus templariis eleemosynae, quae a peregrinis vel aliis Dei fidelibus eis con-
932 887 2843 958 ferantur, a perversis hominibus auferantur. Ferreira Mem. dos Templarios I. II. 858,
936 940 2516 1026 ubi falso bulla Alexandro IV. tribuitur. — „Quantum sacra templi“.
852 1009 1204 1110 1164 — 1165.
320 1042 541 1174 Ian. 21.
603 1031 804 1196 Senana
881 1097 2847 1170 11105a Hospitale Castrodunense a solvendis decumis eximit. Belfort Archives de la
934 1161 2845 1234 Maison-Dieu de Chateaudun p. 11, ut mihi scribit A. Clerval Carnotensis. — „Iustis
934 1221 1436 1287 petentium desideriis“.
324 1245 541 1347 Mart. 8.
647 1287 768 1386 „
881 1260 2843 1344 11124a Ecclesiam S. Geraldi Lemovicensem cum hospitali tuendam suscipit eiusque
936 1329 2845 1395 possessiones et privilegia confirmat, petente Helia sacerdote et rectore. Docum. hist.
936 1380 2843 1444 bas-latins I. 261. („Ex autographo“ expresse dicunt editores; sed cum bulla „sol-
934 1431 2845 1503 lemnis“ sit, miror clausulam parvam additam esse: „Dat. Senon. 8. id. Mart.“. Videtur
932 1495 2843 1570 esse eadem ac 13981, quam ex ms. bibl. nat. Paris. sumpsimus.) — „Quotiens illud a“.
850 1532 1014 1627 1165.
320 1594 541 1702 Mai. 18.
578 1594 815 1720 Silviniaei
879 1620 2841 1691 11193a Anskitillo de Ridale militi confirmat ea, quae Walterus de Ridale frater ei
932 1689 2845 1749 reliquerit, videlicet villas Witunes, Lilescleve et Brahebi, aliasque possessiones ac
934 1740 2843 1802 conventionem cum Huctredo sacerdote super villa Lilescleve, mediante M(alcolmo)
932 1793 2836 1872 Scottorum rege, factam. Archaeologia Aeliana 1887. p. 202, cf. ibid. p. 197. —
927 1852 1601 1925 „Iustis petentium desideriis“.
846 1899 1016 1983 1166.
298 1949 824 2073 (lan. 30.) (Laterani)
879 1974 2843 2058 11259a (Ludovico) Francorum regi eiusdem tenoris litteras ac 11259 mittit. Robertson
930 2040 1975 2102 Materials V. 245. — „Inter ceteras divinae“.
296 2075 481 2170 (Aug.)
647 2082 751 2170 („)
879 2091 2841 2161 11288a Thomae, archiepiscopo Cantuariensi, scribit, sese ad preces eius petitionem
925 2155 2843 2228 comitis P(hilippi) adimplevisse. Robertson Materials VI. 21. — „Fraternitatis tuae
925 2197 1137 2276 litteras“.
846 2272 1186 2354 1166—1167.
313 2318 536 2442 Mart. 2.
581 2314 806 2455 Larerani
870 2351 2839 2435 11322a Hugoni archiepiscopo, capitulo et consulibus lanuensibus mandat, ut constitu-
923 2429 2839 2488 tiones ab ecclesia S. Mariae Castellana super altaribus b. Virgini dedicatis factas
923 2477 2836 2546 observandas curent. Vigna Illustraz. di S. Maria di Castello, Genova 1864, p. 475
925 2544 2419 2608 teste Desimoni Regesti p. 67. n. 176. — „Relatum est auribus“.
837 2590 1005 2676 1168.
311 2643 810 2769 Oct. 23. Beneventi
872 2652 2836 2738 11420a W(illelmum) electum Senonensem rogat, ut Gileberto, (Bono)niae studenti,
923 2720 2836 2793 nepoti Thomae archiepiscopi (Cantuariensis), concedat beneficium, „quod Gaufrido
923 2782 2836 2844 consobrino eius constituerit singulis mensibus percipiendum“: sed faciat, ut „uno
921 2842 2836 2901 tempore anni insimul assignetur, ut hoc commodius possit percipere et in mittendis
923 2886 2834 2970 nuntiis non debeat praegravari“. Robertson Materials VI. 485, Archaeologia Cantiana
925 2945 1606 3032 X. 26. — „Quanto te circa“.
839 2987 1000 3093 1169.
311 3023 536 3171 Mai. 11.
558 3021 808 3173 Ranevanti
872 3078 2830 3149 11621a Ecclesiae S. Saturnini Tolosanae tutelam suscipit et privilegia confirmat, petente
919 3142 2830 3202 Hugone abbate. Fratribus decem solidorum Pictaviensis monetae veteris censum
916 3188 2832 3266 annuum imponit. Douais Cartul. de St.-Sernin de Toulouse p. 483. — „Apostolici
919 3255 1504 3319 moderaminis clementiae“.
335 3290 525 3409 „ 11.
634 3301 733 3418 „
872 3301 2830 3369 11621ß Clericis ecclesiarum de Vallibus Saos, Segeer et Seles praecipit, ut ab ecclesia
916 3361 2832 3418 S. Saturnini Tolosana, iuris S. Petri, chrisma et oleum sanctum suscipiant, sicut a
919 3414 2823 3495 50 retro annis factum sit. Douais Cartul. de St.-Sernin de Tor louse p. 486. —
916 3460 1707 3575 „Iniunctae nobis administrationis“.
1228 161 1931 262 Supplementum regestorum.
