3007 3975
298 159 421 249 154
839 304 2160 397 1161. (Ind. 9. — 25. Sept. — 10, pont. a. 2. — 20. Sept. — 3.)
925 382 2839 463 praelatis per Marchiam constitutis nunciat, se „VIII. id. Iunii (d. 6. Iun.) Urbem
925 454 2839 514 tenuisse et a clero et populo Romano apud ecclesiam S. Mariae novae solemniter
925 503 2834 569 fuisse receptum, sequenti quoque die dominico (11. Iunii) in Lateranensi ecclesia
923 565 2836 627 missarum sollemnia celebrasse“. Hortatur, ut fidi sibi maneant. Tengnagel Vet.
923 618 2631 677 mon. p. 399, Mansi XXI. 1036, Migne 200 p. 121. — „Licet aliquando“.
313 616 539 744 lon. 27.
570 618 817 746 Paenerte
872 671 2836 735 10667 (7173) Universo capitulo S. Victoris Parisiensis Alexium diaconum suum apud
923 728 2834 795 eos morantem commendat. Martene Coll. VI. 241, Migne 200 p. 121. — „Cum
921 781 1347 845 universos Christi“.
349 832 534 912 „ 30.
634 832 742 916 „
872 828 2836 901 10668 (7174) Hugoni, episcopo Suessionensi, praecipit, ut secundum privilegia ecclesiae
923 892 2836 949 S. Martini Sparnacensis „in ecclesia S. Martini de Montefelici uni de fratribus Spar-
925 947 2836 1004 nacensibus curam animarum committat“. Duchesne H. Fr. SS. IV. 593, Bouquet
925 991 2832 1062 Rec. XV. 770, Mansi XXI. 980, Migne 200 p. 122. — „Quae a sede apostolica“.
307 993 532 1128 lul 2.
574 982 808 1135 Feromm
872 1053 2832 1121 10669 (7175) Clerum et populum Salonitanum (al. Salernitanum) collaudat, quod
925 1108 2834 1174 Iulium, episcopum Praenestinum, et Petrum S. Eustachii diaconum cardinalem, legatos
921 1168 2832 1230 apostolicos, bene tractaverint. (Petrum) episcopum Narniensem a sese iis praefectum
921 1219 2832 1283 archiepiscopum, pallioque donatum esse. Farlati IIl. sacr. III. 183, Ughelli It. sacr.
916 1278 2832 1342 I. 1015, Migne 200 p. 122, (Pflugk-Harttung Iter p. 131). — „Illa devotionis sin-
916 1331 1115 1393 ceritas“.
346 1333 530 1466 „ 10.
567 1375 810 1490 Praeneste
868 1380 2832 1446 10670 Monasterium S. Anastasii (ad Aquas Salvias) tuendum suscipit eiusque posses-
919 1442 2832 1503 siones confirmat, petente Baldinone abbate. Pflugk-Harttung Iter p. 263, (Archivio
919 1495 2326 1563 della soc. Romana di stor. patr. I. 59). — „Religiosis votis“.
344 1521 530 1614 „ 12.
636 1534 742 1687 „
872 1554 2832 1614 10671 (7176) Decano et capitulo Dolensi mandat, ut quem elegerint episcopum, et
919 1612 2830 1667 consecrationis accipiendae et obedientiae promittendae causa ad Iod(ocum), archiepi-
919 1667 2832 1722 scopum Turonensem, mittant. Nisi infra tres menses factum fuerit, eum munere
921 1713 2832 1782 privatum iri. („Ex fine secundi libri quaterno sexto primi voluminis regestorum
921 1775 2830 1839 D. Alexandri papae III.“) Martene Thes. III. 903, Morice Mém. de Bret. I. 645,
916 1828 2434 1894 Bouquet Rec. XV. 771, Migne 200 p. 123. — „Quanto tempore“.
342 1881 525 1949 „ 14.
647 1879 742 1949 „
863 1879 2832 1952 10672 Capituli lanuensis possessiones quasdam confirmat. Pflugk-Harttung Iter p. 263.
923 1936 1436 1998 — „Iustis petentium“.
335 1983 525 2062 „ 15.
647 1987 731 2062 „
863 1980 2832 2053 10673 Abbati et monachis Nonantulanis mandat, ut decimam ecclesiae S. Michaelis
916 2044 2830 2111 restituant aut archipresbytero Bononiensi et priori S. Victoris iustitiam exhibeant.
916 2104 2189 2164 Pfiugk-Harttung Iter p. 263. — „Recepimus querelam“.
302 2113 523 2226 Ans. 4.
567 2137 806 2226 Anagniae
866 2157 2830 2214 10674 Monasterii S. Vedasti patrocinium suscipit possessionesque et privilegia con-
914 2210 2830 2272 firmat, petente Martino abbate. Guimann Cart. de S.-Vaast d'Arras p. 87. — „Quo-
916 2261 1250 2318 tiens illud a“.
338 2314 519 2391 „ — 4.
651 2336 722 2393 „
866 2318 2830 2382 10675 Sororibus Strumensibus interdicit, ne possessiones monasterii b. Vedasti illicte
910 2376 2821 2440 occupent. Guimann Cart. de S.-Vaast d'Arras p. 308, Mon. Germ. SS. XIII. 715. —
912 2433 1506 2491 „Iustitiae naturalis ratio“.
298 2455 521 2561 Sept. 1.
563 2464 795 2544 Ferentini
861 2477 2825 2541 10676 (7177) P(etro), archiepiscopo Spalatino, mandat, excommunicet V., qui, ab
912 2539 2823 2599 Eugenio III. deiectus, ecclesiam Chrobatensem (Tininensem) tenere perrexerit, remo-
912 2590 2823 2652 veatque P., qui, indice P(etro) S. Eustachii diacono cardinali, duodenarius nec legi-
910 2654 2821 2707 time natus per laicalem potentiam ecclesiam Traguriensem invaserit. („Dat. VI. Non.
908 2698 2821 2760 Sept.“) Farlati IIl. sacr. III. 184, Migne 200 p. 124. — „Pater et praedecessor“.
335 2738 514 2848 „ 20.
631 2744 726 2824 „
861 2751 2819 2820 10677 (7178) L. archipresbyterum et universos canonicos ecclesiae Pisanae hortatur,
912 2811 2819 2884 „ut pro exaltatione et libertate ecclesiae totis viribus laborent“. „Verbum autem
910 2866 2819 2928 illud secretum“ ait „se in praesentarium duxisse differendum“. Rogat, ut „pecuniam
908 2921 2819 2983 sub convenientibus usuris, si aliter fieri nequeat, a civibus Pisanis mutuo invenire
908 2979 2821 3036 et acquirere studeant, et Bosoni, SS. Cosmae et Damiani diacono cardinali, illam
908 3029 2819 3093 assignent, ut Manc., Lucano civi, credita pecunia persolvatur“. Ughelli It. sacr.
908 3082 1955 3149 III. 402, Migne 200 p. 125. — „Super illa“.
333 3131 530 3213 „ 24.
539 3138 802 3241 Terracinae
857 3124 2821 3206 10678 Ecclesiae Anagniae tutelam suscipit ac possessiones confirmat, petente Nuclerio
905 3193 2231 3266 episcopo. Pflugk-Harttung Iter p. 263. — „In eminenti“.
329 3228 517 3316 „ 30.
638 3239 726 3327 „
857 3246 2816 3312 10679 (7179) Ecclesiae S. Mariae novae Romanae, hoc anno a sese consecratae, eccle-
905 3301 2816 3369 siam S. Sebastiani in Catacumba tribuit, bulla ad Hugonem priorem. Garampi
910 3354 2430 3418 Illustrazione p. 62. not. 3, Migne 200 p. 126. — „Iniuncti nobis“.
293 3392 517 3486 Nov. 29.
631 3416 722 3537 „
857 3407 2816 3478 10680 (7180) Ludovico, Francorum regi, respondet, se ecclesiae Flaviniacensis causam
905 3467 2808 3564 Hfenrici) Bellovacensis et M(auritii) Parisiensis episcoporum arbitrio commississe.
1104 154 2026 253 ALEXANDER III. 1159—1181.
