3007 3975
647 311 2560 393 1162. (Ind. 10. — 25. Sept. — 11, pont. a. 3. — 20. Sept. — 4, 1161. — 25. Mart. — 1162.)
682 382 2653 457 10754 (7220) (Thomae), archiepiscopo Cantuariensi, mandat, cogat clericos de capitulis
130 375 640 472 Aug. 16. ap. Clarum-
402 457 607 536 montem
731 441 2651 514 Lessedene, Tidringiae et Brachestediae, ut Willelmo, archidiacono Colcestriensi,
731 501 2653 571 obediant. Epist. S. Thomae ed. Giles II. 37, Migne 200 p. 167. — „Pervenit ad
729 560 1027 616 audientiam“.
682 611 2655 680 10755 (7221) Pacem inter Stephanum episcopum canonicosque Claromontenses et Wil-
163 611 340 706 „ 19.
466 618 552 704 „
733 673 2651 735 lelmum comitem Arvernorum compositam probat. Baluze Hist. d'Auvergne II. 65,
733 724 2653 788 Bouquet Rec. XV. 784, Mon. pont. Arverniae p. 253, Migne 200 p. 167, (Iustel
731 783 2653 843 Hist. d'Auvergne Pr. p. 31). — „Ea, quae pro bono“ („Vestris iustis postulationibus“).
388 832 620 912 Silviniaci
678 828 2653 896 cum Ludovico Francorum rege. Vide Hugonis Pictavini Hist. Vizeliac. L. IV. ap.
141 832 245 912 („)
733 889 2653 954 D'Achery Spic. II. 539, in MG. SS. XXVI. 147, Bosonis card. Vita Alexandri p. 390.
731 940 1486 1002 De loco cf. Reuter I. 208. n. 6.
680 991 2655 1079 „V. id. Sept. altare Crucifixi in honore S. Cosmae consecrat“. Chron. Dolense 1160
128 993 636 1128 Sept. 3. ap. Colam
735 1055 1559 1115 (1162) ap. Labbe N. B. M. I. 317.
689 1110 2655 1172 10756 Monasterii Floranensis possessiones confirmat, petente Willelmo abbate. (Frag-
167 1101 344 1196 „ 16.
468 1128 554 1199 „
735 1159 2655 1232 mentum.) In bibl. nat. Paris. ms. lat. 12752. f. 451. — „Iustis religiosorum de-
733 1216 947 1285 sideriis“.
687 1265 2655 1336 10757 (7222) Ludovico, Francorum regi, scribit, „quantas molestias et gravamina in
165 1265 349 1355 „ 17.
452 1269 561 1353 „
735 1331 2655 1393 colloquio Frederici, dicti imperatoris, sustinuisset, quantam mentis constantiam et
737 1386 2655 1446 spiritum fortitudinis induisset“, se comperisse. Henricum, Anglorum regem, a sese
737 1435 2653 1510 per (Rogerium), archiepiscopum Eboracensem, et (Rotrodum) Ebroicensem ac (Arnul-
733 1499 2653 1556 fum) Lexoviensem episcopos, ut Ludovico „tanquam domino suo vires et auxilium
735 1548 2653 1616 praestaret et studeret in omnibus et per omnia deservire“, admonitum esse. Henrici
737 1607 2655 1665 regis nuncios commendat. „Praefatum regem“ inquit „quem in proxima tertia feria
737 1654 2655 1726 (18. Sept.) ad nostram praesentiam exspectamus, ad honorem et fidelitatem tuam
740 1709 2655 1777 inducere curabimus“. Duchesne Hist. Fr. SS. IV. 620, Bouquet Rec. XV. 784, Mansi
740 1766 2509 1839 XXI. 1015, Migne 200 p. 168. — Audito per venerabiles“ („Audivimus per“).
689 1824 2660 1888 10758 (7223) (Eberhardum), archiepiscopum Salzburgensem, „imperatori et pravitatis
174 1782 351 1901 „ 18.
466 1828 563 1896 „
740 1883 2660 1941 eius fautoribus viriliter resistentem“ laudat, hortaturque, ne malis cedat. Monet, ut
740 1938 2660 1996 ad sese aut ipse veniat, aut nuncium mittat. Mandat, ut „ad imperatorem Frideri-
735 1994 2660 2051 cum accedat et ipsum ad unitatem ecclesiae revocare modis omnibus elaboret“. Teng-
737 2047 2660 2108 nagel Vet. mon. p. 438, (Mansi XXI. 1040, Migne 200 p. 169). — „Quod charis-
735 2102 934 2166 simam“.
689 2150 2660 2219 10759 (7224) Ecclesiae S. Iohannis Kaltenbornensis possessiones privilegiaque confirmat,
167 2135 349 2228 „ 20.
468 2164 567 2221 „
742 2212 2660 2281 petente Bernardo praeposito. Thuringia sacra p. 309, Menckenii SS. R. G. I. 768,
740 2261 1676 2323 Migne 200 p. 171. — „Sicut sacrorum“.
689 2312 2660 2387 10760 (7225) Parthenonis in monte, qui dicitur Wlrideshusen, protectionem suscipit,
174 2312 351 2402 „ 20.
470 2314 570 2429 „
742 2380 2662 2435 et disciplinam, possessiones, privilegia confirmat. In schedis Mon. Germ. — „Reli-
742 2429 1100 2491 giosam vitam“.
691 2475 2660 2550 10761 (7226) Ludovico, Francorum regi, respondet, ad postulationem eius se Odoni,
178 2473 355 2559 „ 22.
470 2418 574 2566 „
740 2541 2662 2601 Burgundiae duci, mandasse, ut Flaviniacum castrum aut regi aut (Henrico), episcopo
744 2590 2660 2661 Augustodunensi, „resignet; alioquin sententiam, quam idem episcopus promulgaverit,
742 2652 2662 2714 ratam habiturum, et ipsam a (Godefrido) Lingonensi et (Petro) Cabilonensi episcopis
744 2711 2662 2771 mandasse ratam haberi“. Duchesne Hist. Fr. SS. IV. 619, Bouquet Rec. XV. 785,
742 2758 2357 2820 Mansi XXI. 1015, Migne 200 p. 172. — „Litteras excellentiae tuae“.
689 2815 2662 2879 lohannem episcopum Pictaviensem consecrat „in abbatia Dolensi, die S. Teclae“. Ra-
176 2804 360 2886 „ 23.
470 2815 578 2888 „
742 2870 2660 2937 dulph. de Diceto ad 1194 ap. Twysden Hist. Angl. SS. I. 675, ed. Stubbs II. 120,
742 2926 1427 2985 ap. Bouquet Rec. XVII. 648.
700 2974 2662 3045 10762 (7227) Ecclesiae Carnotensis protectionem suscipit et possessiones confirmat,
176 2950 355 3043 „ 24.
475 2976 561 3038 „
751 3038 2662 3102 petente Roberto episcopo. Gall. Chr. VIII. Instr. p. 337, Lépinois et Merlet Cart.
748 3082 1895 3146 I. 169, Migne 200 p. 173. — „Et ordo rationis“.
123 3124 360 3197 cSept. 29.
402 3100 636 3208 Turonum
695 3140 2662 3208 pervenit „circa festum b. Michaelis“. Bosonis card. Vita Alexandri ap. Watterich II. 393.
143 3197 357 3270 Oct. 10.
430 3204 612 3270 Turoni
698 3197 2664 3259 10763 Eremitarum quorundam, apud Fontem-Gehardi (d. Cenom.) viventium, subiectio-
751 3248 2664 3319 nem, Maiori-monasterio exhibitam, confirmat. (Cf. supra ep. 9243.) Loewenfeld
748 3308 1900 3365 Epistolae p. 132. — „Quemadmodum apostolicae“.
183 3363 366 3431 „ 14.
698 3354 2662 3438 10764 (7228) Ecclesiam S. Ambrosii Mediolanensem tuendam suscipit eiusque posses-
486 3376 576 3438 „
748 3420 2664 3498 siones et privilegia confirmat, petente Oberto archiepiscopo. Frisi Mem. d. Monza
753 3471 1919 3573 II. 68. Migne 200 p. 174. — „In eminenti sedis“.
181 3509 755 3610 Regerta Pont. Romen. E4 eee. II.
2313 3520 2381 3645 „
919 154 1840 247 ALEXANDER III. 1159—1181.
2529 159 2644 251 161
