3007 3975
296 150 415 238 174
837 302 2388 390 1163. (Ind. 11, pont. a. 4. — 20. Sept. — 5, 1162. — 25. Mart. — 1163.)
872 384 2836 450 10937 Monachis S. Macharii nuntiat, sese fratribus eorum, cum B(ertrando) abbate
307 357 528 507 Spt 4.
581 366 795 454 Bituricis
916 448 2836 510 S. Crucis Burdegalensi in praesentia sua litigantibus, inducias usque ad proximas
916 501 2836 565 octavas b. Martini (d. 18. Nov.) concessisse. Interim eos praedicto abbati obedire
921 556 2638 611 iubet. Archives hist. de la Gironde I. 217. — „Constitutis in praesentia“.
872 605 2836 669 10938 Willelmo episcopo Vasatensi mandat, ut litteras apostolicas, a B(ertrando) abbate
335 602 528 700 „ 4.
651 611 740 697 „
919 658 2836 728 S. Crucis Burdegalensi praesentatas, fratribus S. Macharii assignari faciat. (Pro
923 722 2836 786 „II. non. Decembris“ sine dubio legendum est „II. non. Septembris“.) Archives hist.
919 770 2017 843 de la Gironde I. 218. — „Dilecto filio nostro“.
872 819 2839 892 10939 (7331) Henrico, archiepiscopo Remensi, mandat, ad (Richardum) electum Vir-
333 814 525 903 „ 5.
645 832 737 898 „
923 881 2839 949 dunensem litteras suas deferendas curet, quibus moneatur, ut „fillium nobilis viri
923 934 2836 1002 Fraiapanis de regno Teutonico, ubi cum parentibus suis commoretur, ad se venturum,
919 995 2839 1062 usque ad regnum Francorum faciat secure deduci“. Martene Coll. II. 675, Bouquet
919 1051 2273 1108 Rec. XV. 806, Migne 200 p. 265. — „De sinceritatis ac“.
868 1097 2836 1168 Anthelmum, episcopum Bellicensem, consecrat „VI. id. Sept., in nativitate b. Mariae,
342 1101 528 1174 „ 8.
638 1099 751 1183 („)
921 1163 2673 1230 die dominica“. Vita S. Anthelmi c. III. S 25, Acta SS. Iunii T. V. p. 233.
870 1205 2839 1280 10940 (7332) Henricum, archiepiscopum Remensem, hortatur, ut ad locum, quo ipse
344 1205 530 1302 „ 10.
651 1207 742 1336 „
923 1267 2839 1329 cum Ludovico, Francorum rege, conventurus sit, accedat. Haec addit: „non autem
921 1320 2839 1386 locum certum habemus, si (sed?) apud S. Laurentium vel apud S. Benedictum super Lige-
921 1382 2839 1446 rim credimus nos convenire“. Martene Coll. II. 676, Bouquet Rec. XV. 806. Migne
923 1439 1970 1492 200 p. 265. — „Fraternitati tuae cognitum“.
870 1484 2839 1552 10941 (7333) Henrico, archiepiscopo Remensi, mandat, ut Rainerium de Calvo-monte
344 1437 530 1559 „ 12.
647 1453 742 1612 „
923 1548 2839 1607 ablata monachis S. lohannis de Condas reddere cogat. Martene Coll. II. 676, Migne
923 1594 1778 1656 200 p. 266. — „Relatum nobis est“.
872 1640 2839 1718 10942 (7334) Henrico, archiepiscopo Remensi, mandat, iudicet inter fratres S. Remigii
344 1647 530 1724 „ 13.
647 1654 742 1731 „
919 1707 2836 1784 et G. de loinvilla. Martene Coll. II. 677, Migne 200 p. 266. — „Causam, quae
923 1764 1080 1826 inter“.
872 1813 2839 1885 10943 (7335) Henrico, archiepiscopo Remensi, mandat, compellat advocatum de Ger-
344 1810 528 1888 „ 13.
636 1762 735 1888 „
923 1874 2836 1943 miniaco, ut erepta monachis S. Remigii reddat. Martene Coll. II. 677, Migne 200
921 1932 1712 1994 p. 266. — „Ex transmissa nobis“.
870 1969 2839 2047 venit „pridie kal. Oct.“, Annal. S. Columb. Senonens. 1164 in MG. SS. I. 108; „in
349 1952 532 2058 „ 30.
589 1925 799 2058 Sanonar
923 2040 2836 2111 festo S. Hieronymi, quod est II. kal. Oct.“, Chron. S. Petri Vivi 1163 ap. D'Achery
919 2086 1802 2159 Spicil. II. 486, in MG. SS. XXVI. 35.
311 2133 530 2221 Oct. 1.
594 2139 797 2221 Senonis
870 2135 2560 2221 „kalendis Octobris“. Bosonis card. Vita Alexandri ap. Watterich II. 396.
872 2199 2841 2276 10944 (7336) Monasterii S. Mariae Montis-Rami protectionem suscipit et possessiones
346 2199 528 2272 „ 6.
665 2212 733 2327 „
923 2256 2839 2327 ac privilegia confirmat, petente Sanctio abbate. Tepes Coronica general VII. app.
923 2307 2023 2378 p. 24, Migne 200 p. 267. — „Religiosis votis“.
872 2365 2839 2431 10945 (7337) Monasterii Valisbonae privilegia confirmat. Manrique Ann. Cist. II. 197.
362 2327 530 2438 „ 7.
656 2343 748 2449 „
872 2422 2839 2493 10946 Monasterii S. Mariae de Vinaz (vel de Gufer) protectionem suscipit, possessiones-
340 2422 530 2499 „ 7.
642 2429 751 2574 „
923 2479 2839 2541 que ac iura confirmat, petente Rogerio abbate. Orig. in Arch. dép. du Calvados in
923 2532 2752 2599 Caen, Fonds de St. André-en-Gouffern n. 14. — „Religiosam vitam eligentibus“.
874 2588 2839 2652 10947 (7338) Ludovicum, Francorum regem, hortatur, moneat per litteras Willelmum,
344 2574 534 2658 „ 12.
651 2594 757 2709 „
923 2645 2839 2707 Siciliae regem, „ut quia inimici eius se praeparent, et totam intentionem ad hoc
923 2703 2839 2760 dirigant, quod possint terram illius intrare et ipsum crebris vexationibus fatigare,
925 2751 2839 2817 se et terram suam praemuniat“. Episcopum Tropaeensem commendari Willelmo regi
925 2802 2836 2873 cupit. Duchesne Hist. Fr. SS. IV. 625, Bouquet Rec. XV. 825, Mansi XXI. 1022,
925 2862 2096 2923 Migne 200 p. 269. — „Quoniam regnum Siciliae“.
872 2906 2839 2990 10948 (7339) Ludovico, Francorum regi, agit gratias, „quod, audito a nunciis Constan-
355 2912 536 2990 „ 16.
649 2910 753 3034 „
925 2974 2839 3036 tinopolitani imperatoris de honore et reverentia ab eodem imperatore sibi et sanctae
925 3027 2836 3096 Romanae ecclesiae exhibenda, laetitiam non modicam conceperit, iudicans eos de
925 3085 2839 3142 cetero super aliis, quae attulissent, negotiis audiendos“. „De cetero“ inquit „nos,
925 3140 2839 3206 praedictis nunciis quicquid a nobis responsum fuerit, tibi litteris nostris curabimus
925 3184 2836 3259 plenius intimare“. Duchesne Hist. Fr. SS. IV. 616, Bouquet Rec. XV. 807, Migne 200
927 3255 1897 3308 p. 269. — „IIla devotissima excellentiae“.
874 3294 2839 3372 10949 (7340) Ludovicum, Francorum regem, rogat, ut Gaufridum militem de Molinons,
353 3277 536 3429 „ 16.
636 3288 755 3418 „
925 3352 2836 3420 captum a burgensibus Senonensibus, dimitti iubeat. Duchesne Hist. Fr. SS. IV. 617,
925 3411 2839 3533 Pongset Rec. XV. 8es. Mansi XXf. 1011. Miene 20o p. 270. — „Saoramdem
925 3458 1184 3586 nobis east“.
450 3665 676 3763 „„
1095 150 2026 240 ALEXANDER III. 1159—1181.
541 3751 627 3824 „ „
