<?xml version="1.0" encoding="UTF-8"  standalone="yes"?>
<PcGts xmlns="http://schema.primaresearch.org/PAGE/gts/pagecontent/2019-07-15" xmlns:xsi="http://www.w3.org/2001/XMLSchema-instance" xsi:schemaLocation="http://schema.primaresearch.org/PAGE/gts/pagecontent/2019-07-15 http://schema.primaresearch.org/PAGE/gts/pagecontent/2019-07-15/pagecontent.xsd">
  <Metadata>
	<Creator>escriptorium</Creator>
	<Created>2024-07-19T10:05:45.668298+00:00</Created>
        <LastChange>2024-08-08T08:29:30.750980+00:00</LastChange>
  </Metadata>
  <Page imageFilename="0159.png" imageWidth="3007" imageHeight="3975">
    <TextRegion id="eSc_textblock_cbaa8b8f"  custom="structure {type:default;}">
      <Coords points="258,159 395,159 413,227 265,262 238,245 258,159"/>
      <TextLine id="eSc_line_14c866de" custom="structure {type:default;}">
        <Coords points="349,159 326,159 304,159 289,159 260,167 267,220 269,249 386,242 384,212 380,161 366,159 349,159"/>
        <Baseline points="267,220 384,212"/>
        <TextEquiv conf="1.0">
          <Unicode>146</Unicode>
        </TextEquiv>
      </TextLine>
    </TextRegion>
    <TextRegion id="eSc_textblock_bf267177"  custom="structure {type:default;}">
      <Coords points="1080,300 2856,318 2865,2303 2830,3522 492,3548 247,3522 238,2968 212,2956 238,344 282,309 512,335 775,318 802,388 813,318 1080,300"/>
      <TextLine id="eSc_line_9372d953" custom="structure {type:default;}">
        <Coords points="850,419 850,443 2759,443 2761,410 2757,344 2660,344 2657,344 2655,344 2653,344 2609,366 2567,346 2562,344 2560,344 2394,344 2392,344 2361,348 2231,373 1884,373 1840,355 1836,355 1833,355 1831,355 1820,357 1734,373 1564,373 1535,359 1533,359 1531,359 1528,359 1526,359 1524,359 1504,371 1486,362 1480,357 1478,357 1475,357 1473,357 1464,362 1440,375 1296,375 1265,364 1241,355 1239,355 1237,355 1144,364 1122,351 1120,351 1117,351 1047,351 1045,351 1042,351 996,368 976,375 947,368 888,355 885,355 883,355 848,368 850,419"/>
        <Baseline points="850,419 2761,410"/>
        <TextEquiv conf="0.92314241792668">
          <Unicode>Siae. eard. S. Aariani .   . „ „ . . . cinahiaa .. . . .. a 9. Apr. 11et aa s. Sept iars</Unicode>
        </TextEquiv>
      </TextLine>
      <TextLine id="eSc_line_aae6fd15" custom="structure {type:default;}">
        <Coords points="1650,459 1650,472 1712,490 1714,490 1716,492 1860,492 1860,490 1862,490 1864,490 1864,488 1880,474 1884,472 2050,472 2059,477 2070,488 2072,488 2074,488 2076,488 2079,488 2103,477 2116,472 2127,479 2151,490 2154,490 2156,490 2246,479 2286,474 2295,479 2302,485 2304,485 2306,485 2308,485 2379,481 2459,474 2467,481 2472,485 2472,488 2474,488 2476,488 2478,490 2618,490 2618,488 2620,488 2622,488 2626,483 2638,474 2649,483 2653,488 2655,488 2657,488 2660,488 2755,483 2757,454 2750,428 1648,428 1650,459"/>
        <Baseline points="1650,459 2757,454"/>
        <TextEquiv conf="0.9828186374084622">
          <Unicode>Rainerius . . . . . a 2. Nov. 1178 ad 12. Apr. 1181</Unicode>
        </TextEquiv>
      </TextLine>
      <TextLine id="eSc_line_d8980403" custom="structure {type:default;}">
        <Coords points="877,514 877,532 976,527 987,534 998,543 1000,543 1003,543 1005,543 1007,543 1038,534 1067,527 1098,534 1140,543 1142,543 1259,534 1360,525 1385,532 1407,541 1409,541 1411,541 1566,538 1568,538 1592,532 1619,525 1683,532 1736,536 1738,536 1741,536 1754,532 1776,521 1829,530 1840,532 1842,532 1858,530 1950,518 2090,530 2132,532 2134,532 2615,530 2618,530 2620,530 2622,527 2640,516 2655,527 2660,530 2662,530 2664,530 2666,530 2757,525 2757,499 2750,468 874,481 877,514"/>
        <Baseline points="877,514 2757,499"/>
        <TextEquiv conf="0.9832138968317696">
          <Unicode>„ „ S. Angeli . . . . . .  . . . . Hugo . . . . . . . . a 14. Mart. 1173 ad 13. Iun. 1178</Unicode>
        </TextEquiv>
      </TextLine>
      <TextLine id="eSc_line_a7b93897" custom="structure {type:default;}">
        <Coords points="1650,545 1650,563 1805,576 1807,576 1809,576 1842,565 1866,558 2048,558 2059,567 2061,569 2061,571 2063,571 2065,571 2068,571 2070,571 2079,567 2098,560 2125,569 2149,576 2151,576 2154,576 2156,576 2158,576 2158,574 2165,569 2176,560 2211,569 2233,574 2235,574 2238,574 2249,569 2286,556 2322,571 2330,574 2333,574 2335,574 2337,574 2350,571 2392,560 2419,571 2425,574 2428,574 2430,574 2432,574 2439,571 2459,563 2474,571 2476,574 2478,574 2481,574 2483,576 2609,576 2609,574 2611,574 2613,574 2646,556 2662,571 2662,574 2664,574 2666,574 2668,576 2750,576 2752,541 2746,514 1648,516 1650,545"/>
        <Baseline points="1650,545 2752,541"/>
        <TextEquiv conf="0.9880096305091426">
          <Unicode>Lohannes . . . . . . a 30. Oct. 1178 ad 28. Iul. 1181</Unicode>
        </TextEquiv>
      </TextLine>
      <TextLine id="eSc_line_0b1f8f14" custom="structure {type:default;}">
        <Coords points="883,602 883,627 2757,613 2759,589 2755,558 2222,558 2209,556 2176,547 2174,547 2171,547 2169,547 2138,556 2127,558 1917,556 1681,552 1679,552 1639,554 1544,563 1528,554 1517,549 1515,549 1296,549 1294,549 1292,549 1281,554 1259,565 1237,554 1232,552 1230,552 1067,552 1064,552 1062,552 1058,554 1022,565 881,554 883,602"/>
        <Baseline points="883,602 1663,589 2759,589"/>
        <TextEquiv conf="0.9907749335417587">
          <Unicode>„ „ SS. Cosmae et Damiani . . . . Boso . . . . . . . . . a 15. Oct. 1159 ad 21. Iul. 1165</Unicode>
        </TextEquiv>
      </TextLine>
      <TextLine id="eSc_line_485bc95b" custom="structure {type:default;}">
        <Coords points="1648,636 1648,666 2755,666 2757,631 2752,605 1646,602 1648,636"/>
        <Baseline points="1648,636 2757,631"/>
        <TextEquiv conf="0.9770139512026085">
          <Unicode>Gratianus . . . . . a 28. Mart. 1178 ad 24. Mai. 1181</Unicode>
        </TextEquiv>
      </TextLine>
      <TextLine id="eSc_line_c3eee42d" custom="structure {type:default;}">
        <Coords points="881,689 881,715 969,706 1003,717 1014,719 1016,719 1018,719 1020,719 1022,719 1022,717 1025,717 1025,715 1036,704 1091,715 1111,717 1113,717 1144,713 1217,704 1283,711 1303,713 1305,713 1307,713 1310,713 1312,711 1327,697 1349,711 1356,713 1358,713 1360,713 1438,711 1440,711 1442,711 1442,708 1444,708 1458,695 1493,708 1502,711 1504,711 1506,711 1648,704 1648,673 1641,640 1405,644 1398,644 1352,631 1349,631 1347,631 1345,631 1316,644 1312,647 1285,647 1095,636 1093,636 1091,636 1045,651 1042,651 1040,651 1000,640 998,640 996,640 994,640 992,640 976,653 974,655 879,655 881,689"/>
        <Baseline points="881,689 1648,673"/>
        <TextEquiv conf="0.9916565080483755">
          <Unicode>„ „ S. Eustachii iunta templum</Unicode>
        </TextEquiv>
      </TextLine>
      <TextLine id="eSc_line_fa509126" custom="structure {type:default;}">
        <Coords points="1135,728 1135,744 1155,757 1157,757 1159,757 1162,757 1277,746 1347,757 1349,757 1352,757 1391,739 1398,737 1409,739 1438,748 1440,748 1442,748 1444,748 1447,748 1455,739 1462,735 1646,735 1665,742 1703,753 1705,753 1707,753 1807,746 1809,746 1811,746 1816,742 1829,733 2052,733 2074,742 2096,753 2098,753 2101,753 2167,744 2180,742 2759,744 2761,717 2755,675 2664,686 2410,680 2308,677 2306,677 2304,677 2302,677 2297,682 2286,689 2207,682 2132,677 2129,677 2127,677 2125,677 2114,684 2101,693 1847,693 1840,689 1822,680 1820,680 1818,680 1816,680 1787,689 1780,691 1758,689 1674,682 1672,682 1670,682 1668,682 1657,691 1652,693 1566,693 1166,686 1164,686 1162,686 1133,697 1135,728"/>
        <Baseline points="1135,728 2761,717"/>
        <TextEquiv conf="0.9824602044658897">
          <Unicode>Agrippae „. . . . . . . . .  Petrus . . .  . .  a 26. Febr. 1161 ad 27. Iul. 1165</Unicode>
        </TextEquiv>
      </TextLine>
      <TextLine id="eSc_line_b9784e2b" custom="structure {type:default;}">
        <Coords points="1650,766 1650,790 2045,777 2061,790 2065,792 2065,795 2068,795 2070,795 2072,795 2074,795 2083,790 2098,783 2123,790 2138,795 2140,795 2143,795 2193,790 2284,781 2328,790 2344,792 2346,792 2348,792 2357,790 2401,777 2414,790 2417,790 2417,792 2419,792 2421,792 2423,792 2425,792 2432,790 2470,775 2496,790 2503,792 2505,792 2507,795 2618,795 2618,792 2620,792 2622,792 2624,790 2640,777 2664,790 2671,792 2673,792 2675,792 2757,788 2759,761 2755,733 1648,733 1650,766"/>
        <Baseline points="1650,766 2759,761"/>
        <TextEquiv conf="0.9855050838218545">
          <Unicode>Hugo . . . . . . . „ a 18. Mart. 1166 ad 8. Oct. 1177</Unicode>
        </TextEquiv>
      </TextLine>
      <TextLine id="eSc_line_0eb61cc5" custom="structure {type:default;}">
        <Coords points="877,817 877,843 963,830 989,843 998,848 1000,848 1003,848 1005,848 1022,843 1051,836 1155,843 1239,848 1241,848 1274,843 1356,828 1433,841 1458,845 1460,848 1628,848 1628,845 1630,845 1643,841 1659,832 2003,823 2143,839 2176,841 2178,841 2200,839 2288,823 2350,836 2370,841 2372,841 2394,836 2474,821 2560,836 2580,839 2582,839 2755,834 2757,806 2750,770 1990,781 1738,772 1703,772 1701,772 1692,772 1617,783 1581,772 1570,770 1568,770 1566,770 1060,772 1058,772 1056,772 1053,775 1036,786 1014,775 1005,772 1003,772 1000,772 998,772 985,775 945,786 874,777 877,817"/>
        <Baseline points="877,817 2757,806"/>
        <TextEquiv conf="0.9819513201713562">
          <Unicode>„ „ S. Georgii ad velum aureum Oddo . . . . . . . . . a 15. Oct. 1159 ad 1. Dec. 1161</Unicode>
        </TextEquiv>
      </TextLine>
      <TextLine id="eSc_line_727aeedd" custom="structure {type:default;}">
        <Coords points="1652,856 1652,881 2178,870 2249,878 2277,883 2280,883 2383,881 2386,881 2388,881 2388,878 2399,870 2406,878 2408,878 2408,881 2410,881 2412,881 2414,883 2633,883 2633,881 2635,881 2638,881 2638,878 2640,878 2649,870 2662,878 2666,881 2668,881 2671,881 2673,881 2757,876 2759,850 2752,819 1650,825 1652,856"/>
        <Baseline points="1652,856 2759,850"/>
        <TextEquiv conf="0.9812386052788429">
          <Unicode>Manfredus . . . . . a 21. Febr. 1163 ad 16. Aug. 1173</Unicode>
        </TextEquiv>
      </TextLine>
      <TextLine id="eSc_line_daf3c23e" custom="structure {type:default;}">
        <Coords points="1650,898 1650,912 1767,929 1769,931 1844,931 1844,929 1847,929 1873,916 1884,912 2105,920 2246,925 2249,925 2251,925 2253,925 2253,923 2255,923 2269,909 2308,923 2322,927 2324,927 2326,927 2348,925 2403,914 2421,925 2428,929 2430,929 2432,929 2434,931 2757,931 2759,894 2752,865 1648,870 1650,898"/>
        <Baseline points="1650,898 2759,894"/>
        <TextEquiv conf="0.9861851529433177">
          <Unicode>Rainerius . . . . . a 14. lan. 1175 ad 15. Aug. 1181</Unicode>
        </TextEquiv>
      </TextLine>
      <TextLine id="eSc_line_14341b56" custom="structure {type:default;}">
        <Coords points="1893,898 1889,898 1866,907 1849,914 1752,914 1710,907 1652,898 1650,898 1648,896 1639,896 1637,896 1566,907 1511,914 1495,907 1478,898 1475,898 1391,898 1389,898 1157,901 1155,901 1142,907 1126,914 1084,907 1062,903 1060,903 1058,903 1056,903 1051,907 1034,918 930,918 877,907 879,949 879,973 980,965 994,973 1000,980 1003,980 1005,980 1007,980 1009,980 1011,980 1018,973 1029,967 1078,973 1095,976 1098,976 1100,976 1104,973 1124,965 1142,973 1159,982 1162,982 1164,984 1301,984 1301,982 1303,982 1305,982 1316,973 1327,967 1402,973 1489,980 1491,980 1493,980 1495,980 1495,978 1502,973 1513,965 1548,973 1557,973 1559,973 1562,973 1564,973 1584,958 1650,958 1721,971 1732,973 1734,973 1736,973 1741,971 1767,960 1791,971 1800,976 1802,976 1805,976 1942,971 1977,969 1979,969 1981,969 1997,956 2116,971 2127,971 2129,971 2397,969 2399,936 2392,907 1990,909 1964,907 1911,898 1893,898"/>
        <Baseline points="879,949 2399,936"/>
        <TextEquiv conf="0.9533275599065034">
          <Unicode>„ „ S. Mariae in Aqviro . . . . Mile (Gnidor) . . . d. 19. Febr. 1160</Unicode>
        </TextEquiv>
      </TextLine>
      <TextLine id="eSc_line_e65e102d" custom="structure {type:default;}">
        <Coords points="1652,984 1652,1009 2761,1009 2763,980 2757,947 1650,956 1652,984"/>
        <Baseline points="1652,984 2763,980"/>
        <TextEquiv conf="0.9989232075214386">
          <Unicode>Petrus (de Bono) a 18. Mart. 1166 ad 16. Aug. 1173</Unicode>
        </TextEquiv>
      </TextLine>
      <TextLine id="eSc_line_13fa6ce6" custom="structure {type:default;}">
        <Coords points="881,1035 881,1044 1482,1060 1484,1060 1486,1060 1515,1048 1531,1040 1648,1040 1687,1048 1725,1057 1727,1060 1851,1060 1851,1057 1853,1057 1871,1051 1893,1037 2045,1037 2072,1051 2081,1055 2083,1055 2085,1055 2087,1055 2098,1051 2118,1042 2171,1051 2196,1055 2198,1057 2381,1057 2381,1055 2383,1055 2386,1055 2388,1053 2403,1044 2755,1053 2759,1024 2755,998 1345,993 1343,993 879,1007 881,1035"/>
        <Baseline points="881,1035 2759,1024"/>
        <TextEquiv conf="0.991902496251795">
          <Unicode>„ „ S. Mariae in Cosmidin . .. Iacinthus a 7. Nov. 1159 ad 15. Aug. 1181</Unicode>
        </TextEquiv>
      </TextLine>
      <TextLine id="eSc_line_aec90ad8" custom="structure {type:default;}">
        <Coords points="879,1082 879,1106 1802,1106 1802,1104 1822,1101 1897,1090 1999,1101 2014,1101 2017,1101 2759,1097 2761,1068 2755,1040 877,1051 879,1082"/>
        <Baseline points="879,1082 2761,1068"/>
        <TextEquiv conf="0.9916841012708256">
          <Unicode>„ „ S. Mariae in porticu . . . . . Iobannes . . . . . . a 26. Febr. 1161 ad 23. Iul. 1163</Unicode>
        </TextEquiv>
      </TextLine>
      <TextLine id="eSc_line_f85fccb9" custom="structure {type:default;}">
        <Coords points="1654,1117 1654,1143 1824,1146 1827,1146 1829,1146 1838,1143 1873,1130 2052,1130 2063,1141 2068,1143 2068,1146 2070,1146 2072,1146 2074,1146 2076,1146 2087,1141 2101,1132 2114,1139 2123,1146 2125,1146 2127,1146 2129,1146 2269,1143 2271,1143 2273,1143 2273,1141 2277,1139 2288,1130 2299,1139 2306,1143 2308,1143 2311,1143 2313,1143 2759,1132 2761,1113 2755,1086 1652,1088 1654,1117"/>
        <Baseline points="1654,1117 2761,1113"/>
        <TextEquiv conf="0.9926905107498168">
          <Unicode>Laborans . . . . . a 4. Dec. 1173 ad 27. Iul. 1179</Unicode>
        </TextEquiv>
      </TextLine>
      <TextLine id="eSc_line_4bc09fbe" custom="structure {type:default;}">
        <Coords points="881,1170 883,1199 927,1185 1011,1196 1014,1199 1102,1199 1126,1199 1126,1196 1129,1196 1131,1196 1146,1185 1212,1196 1217,1196 1219,1196 1224,1196 1283,1183 1383,1194 1385,1194 1387,1194 1416,1183 2757,1183 2761,1159 2757,1126 1617,1124 1615,1124 1612,1124 1566,1135 1257,1124 1254,1124 1122,1137 1018,1126 1016,1126 1014,1126 989,1137 897,1126 894,1126 892,1126 890,1126 879,1132 881,1170"/>
        <Baseline points="881,1170 2761,1159"/>
        <TextEquiv conf="0.9831325874609106">
          <Unicode>„ „ S. Mariae in via lata . . . . . Raimundus . . . . a 6. Mai. 1162 ad 27. Iul. 1165</Unicode>
        </TextEquiv>
      </TextLine>
      <TextLine id="eSc_line_02f65f13" custom="structure {type:default;}">
        <Coords points="1657,1207 1657,1227 1875,1234 1877,1234 1880,1234 1882,1234 1889,1227 1902,1219 2061,1219 2083,1227 2090,1232 2092,1232 2094,1232 2096,1232 2098,1232 2101,1227 2112,1221 2187,1227 2224,1232 2227,1232 2246,1227 2291,1219 2302,1227 2304,1230 2304,1232 2306,1232 2308,1232 2311,1234 2366,1234 2366,1232 2368,1232 2379,1227 2408,1219 2439,1227 2443,1230 2445,1230 2448,1230 2450,1230 2452,1230 2452,1227 2472,1216 2509,1227 2514,1230 2516,1230 2518,1232 2644,1232 2644,1230 2646,1230 2649,1230 2649,1227 2657,1221 2666,1227 2666,1230 2668,1230 2671,1230 2673,1230 2763,1227 2763,1201 2757,1168 1654,1179 1657,1207"/>
        <Baseline points="1657,1207 2763,1201"/>
        <TextEquiv conf="0.9762576864315913">
          <Unicode>Arduinus . . . . . . a 4. Iul. 1178 ad 6. Sept. 1178</Unicode>
        </TextEquiv>
      </TextLine>
      <TextLine id="eSc_line_f41bf2cf" custom="structure {type:default;}">
        <Coords points="879,1258 879,1285 2759,1274 2761,1247 2757,1219 2390,1210 2388,1210 2204,1219 2165,1221 2158,1219 2127,1210 2125,1210 2123,1210 2019,1221 1981,1223 1895,1221 1657,1212 1654,1212 1652,1212 1634,1221 1623,1227 1447,1227 1438,1223 1427,1214 1425,1214 1422,1214 1420,1214 877,1223 879,1258"/>
        <Baseline points="879,1258 2761,1247"/>
        <TextEquiv conf="0.9798676243850163">
          <Unicode>„ „ S. Mariae novae . . . . .  . Ieronymus. . . . . a 16. Apr. 1166 ad 10. Mai. 1167</Unicode>
        </TextEquiv>
      </TextLine>
      <TextLine id="eSc_line_70242917" custom="structure {type:default;}">
        <Coords points="1654,1294 1654,1311 1869,1322 1871,1322 1873,1322 1875,1322 1884,1313 1893,1309 2056,1309 2068,1316 2076,1322 2079,1322 2081,1322 2083,1325 2160,1325 2160,1322 2277,1320 2280,1320 2282,1320 2282,1318 2284,1316 2293,1309 2304,1316 2308,1320 2311,1320 2313,1320 2315,1320 2368,1316 2467,1309 2478,1318 2481,1320 2483,1320 2485,1320 2487,1322 2635,1322 2635,1320 2638,1320 2640,1320 2642,1318 2657,1307 2673,1318 2675,1320 2677,1320 2680,1320 2682,1320 2757,1318 2759,1289 2755,1263 1652,1260 1654,1294"/>
        <Baseline points="1654,1294 2759,1289"/>
        <TextEquiv conf="0.9937927711684749">
          <Unicode>Matthaeus“. . . . . a 28. Mart. 1178 ad 15. Aug. 1181</Unicode>
        </TextEquiv>
      </TextLine>
      <TextLine id="eSc_line_bbd379f8" custom="structure {type:default;}">
        <Coords points="883,1347 883,1366 974,1358 998,1366 1018,1375 1020,1375 1022,1378 1022,1375 1025,1375 1045,1366 1069,1358 1106,1366 1144,1375 1146,1375 1228,1366 1270,1362 1283,1366 1305,1373 1307,1373 1310,1375 1475,1375 1475,1373 1478,1373 1497,1364 1506,1362 1555,1364 1637,1371 1639,1371 1699,1364 1822,1351 2127,1362 2229,1366 2231,1366 2233,1366 2242,1362 2273,1349 2299,1362 2308,1366 2311,1366 2313,1369 2439,1369 2439,1366 2441,1366 2454,1362 2487,1351 2558,1362 2580,1364 2582,1364 2757,1360 2759,1333 2755,1305 1195,1302 1193,1302 1049,1313 914,1305 912,1305 910,1305 881,1313 883,1347"/>
        <Baseline points="883,1347 2759,1333"/>
        <TextEquiv conf="0.9833833367637034">
          <Unicode>„ „ S. Nicolai in carcere Tulliano Odo . . . . . . . . . a 15. Oct. 1159 ad 1. Mart. 1174</Unicode>
        </TextEquiv>
      </TextLine>
      <TextLine id="eSc_line_86fc0116" custom="structure {type:default;}">
        <Coords points="1657,1382 1657,1400 1842,1411 1844,1411 1847,1411 1849,1411 1860,1402 1871,1393 2048,1393 2063,1402 2076,1411 2079,1411 2081,1411 2083,1413 2163,1413 2163,1411 2253,1408 2255,1408 2269,1402 2291,1391 2311,1402 2319,1406 2322,1406 2324,1406 2361,1402 2403,1397 2414,1402 2430,1408 2432,1408 2434,1408 2436,1408 2450,1402 2463,1395 2476,1402 2489,1408 2492,1408 2494,1408 2759,1402 2761,1378 2757,1351 1654,1349 1657,1382"/>
        <Baseline points="1657,1382 2761,1378"/>
        <TextEquiv conf="0.994929945239654">
          <Unicode>Vivianus . . .. . . a 25. Mai. 1175 ad 23. Aug. 1175</Unicode>
        </TextEquiv>
      </TextLine>
      <TextLine id="eSc_line_87dd7f2b" custom="structure {type:default;}">
        <Coords points="1654,1426 1654,1446 1880,1453 1882,1453 1884,1453 1886,1453 1895,1444 1902,1439 2052,1439 2056,1444 2065,1450 2065,1453 2068,1453 2070,1453 2072,1455 2204,1455 2204,1453 2266,1442 2288,1437 2302,1439 2330,1450 2333,1450 2335,1453 2613,1453 2613,1450 2615,1450 2653,1437 2666,1448 2666,1450 2668,1450 2671,1450 2673,1453 2748,1453 2748,1450 2750,1450 2752,1450 2752,1448 2763,1437 2763,1422 2759,1393 1652,1393 1654,1426"/>
        <Baseline points="1654,1426 2763,1422"/>
        <TextEquiv conf="0.9887285473255011">
          <Unicode>Bernardus . . . . . a 24. Oct. 1178 ad 27. Iul. 1179</Unicode>
        </TextEquiv>
      </TextLine>
      <TextLine id="eSc_line_2a55f6da" custom="structure {type:default;}">
        <Coords points="879,1477 879,1503 1436,1503 1436,1501 1444,1501 1489,1490 1528,1499 1535,1501 1537,1501 1539,1501 1557,1499 1654,1488 1855,1499 1875,1499 1877,1499 1889,1499 2008,1486 2275,1497 2286,1497 2288,1497 2346,1497 2450,1495 2452,1495 2454,1495 2472,1484 2498,1495 2501,1495 2503,1495 2635,1484 2755,1495 2759,1466 2755,1437 877,1437 879,1477"/>
        <Baseline points="879,1477 2759,1466"/>
        <TextEquiv conf="0.990181184731997">
          <Unicode>„ „ SS. Sergii et Bacchi . . . . . . Vitellius . . . . . . a 18. Mart. 1166 ad 5. Iul. 1175</Unicode>
        </TextEquiv>
      </TextLine>
      <TextLine id="eSc_line_2e31f44a" custom="structure {type:default;}">
        <Coords points="1657,1512 1657,1537 2054,1525 2070,1539 2070,1541 2072,1541 2074,1541 2076,1543 2163,1543 2163,1541 2165,1541 2167,1541 2167,1539 2182,1525 2231,1541 2235,1541 2238,1541 2240,1541 2242,1541 2246,1541 2291,1525 2337,1541 2339,1541 2341,1541 2344,1543 2759,1543 2759,1512 2759,1486 1657,1481 1657,1512"/>
        <Baseline points="1657,1512 2759,1512"/>
        <TextEquiv conf="0.9935460145826693">
          <Unicode>Paulus . . . . . . . a 17. Oct. 1179 ad 22. Febr. 1180</Unicode>
        </TextEquiv>
      </TextLine>
      <TextLine id="eSc_line_10243294" custom="structure {type:default;}">
        <Coords points="881,1565 881,1594 1502,1583 1524,1594 1535,1598 1537,1598 1539,1598 1575,1594 1630,1585 1650,1594 1663,1598 1665,1598 1668,1601 1789,1601 1789,1598 1833,1592 1904,1583 1964,1592 1990,1596 1992,1598 2231,1598 2231,1596 2233,1596 2246,1592 2288,1578 2328,1592 2337,1594 2339,1594 2341,1594 2752,1590 2755,1556 2750,1528 943,1523 941,1523 879,1534 881,1565"/>
        <Baseline points="881,1565 2755,1556"/>
        <TextEquiv conf="0.9853150982123154">
          <Unicode>„ „ S. Theodori . . . . . . . . . . Ardieio . . . . . . . a 15. Oct. 1159 ad 21. Mart. 1181</Unicode>
        </TextEquiv>
      </TextLine>
      <TextLine id="eSc_line_7abf70bf" custom="structure {type:default;}">
        <Coords points="983,1612 983,1631 1480,1627 1482,1607 1475,1574 980,1578 983,1612"/>
        <Baseline points="983,1612 1482,1607"/>
        <TextEquiv conf="0.9967411160469055">
          <Unicode>Datae bullae sunt p. m.</Unicode>
        </TextEquiv>
      </TextLine>
      <TextLine id="eSc_line_1a6ff23a" custom="structure {type:default;}">
        <Coords points="859,1658 859,1671 901,1687 903,1687 905,1687 1157,1673 1212,1671 1219,1673 1246,1684 1248,1684 1250,1684 1252,1684 1254,1684 1272,1673 1277,1671 1294,1673 1360,1687 1363,1687 1467,1676 1486,1673 1506,1676 1595,1687 1597,1687 1646,1676 1679,1667 1816,1667 2063,1667 2105,1678 2129,1684 2132,1684 2134,1684 2213,1678 2280,1673 2295,1678 2308,1684 2311,1684 2313,1684 2768,1680 2770,1654 2766,1620 2699,1607 2697,1607 2364,1609 2361,1609 2359,1609 2348,1618 2344,1620 2319,1618 2246,1607 2244,1607 2123,1616 2063,1620 1984,1616 1908,1612 1906,1612 1871,1616 1807,1625 1681,1625 1663,1614 1652,1609 1650,1609 1648,1609 1579,1614 1458,1623 857,1612 859,1658"/>
        <Baseline points="859,1658 2770,1654"/>
        <TextEquiv conf="0.9635599156220754">
          <Unicode>Rermanni S. R. E. subdiaconi et notarii . . . . . . . . — . . . a 15. Oct. 1159 ad 19. Nov. 1165</Unicode>
        </TextEquiv>
      </TextLine>
      <TextLine id="eSc_line_5be6ae80" custom="structure {type:default;}">
        <Coords points="945,1700 945,1722 2428,1724 2432,1696 2425,1669 943,1671 945,1700"/>
        <Baseline points="945,1700 2432,1696"/>
        <TextEquiv conf="0.9941744747227186">
          <Unicode>Theodori (Theodini) S. R. E. subdiaconi et notarii d. 5. et 16. Nov. 1162</Unicode>
        </TextEquiv>
      </TextLine>
      <TextLine id="eSc_line_bf6bb57d" custom="structure {type:default;}">
        <Coords points="861,1744 861,1773 1064,1768 1067,1768 1098,1755 1148,1771 1151,1771 1153,1771 1155,1771 1195,1757 1208,1771 1210,1771 1212,1771 1215,1771 1303,1760 1330,1771 1332,1771 1334,1771 1385,1771 1480,1768 1482,1768 1484,1768 1506,1751 2408,1764 2412,1737 2406,1709 859,1709 861,1744"/>
        <Baseline points="861,1744 2412,1737"/>
        <TextEquiv conf="0.9777097992206875">
          <Unicode>Hermanni diac. card. S. Angeli .  .  . . . . . . . . . . . d. 18. Mart. 1166</Unicode>
        </TextEquiv>
      </TextLine>
      <TextLine id="eSc_line_aeeafbb0" custom="structure {type:default;}">
        <Coords points="861,1788 861,1808 1623,1815 1626,1815 1628,1815 1630,1815 1637,1808 1657,1795 1816,1795 2054,1795 2076,1808 2081,1813 2083,1813 2085,1813 2087,1813 2461,1810 2463,1810 2465,1810 2465,1808 2489,1795 2516,1808 2518,1810 2520,1810 2523,1810 2545,1808 2655,1799 2671,1808 2671,1810 2673,1810 2675,1810 2677,1810 2766,1808 2768,1779 2761,1749 859,1755 861,1788"/>
        <Baseline points="861,1788 2768,1779"/>
        <TextEquiv conf="0.9843621776528555">
          <Unicode>Hermanni tit. S. Susannae presb. card. — — a 8. Apr. 1166 ad 4. Mai. 1166</Unicode>
        </TextEquiv>
      </TextLine>
      <TextLine id="eSc_line_40ddb12e" custom="structure {type:default;}">
        <Coords points="859,1830 859,1855 2768,1855 2768,1830 2768,1802 859,1797 859,1830"/>
        <Baseline points="859,1830 2768,1830"/>
        <TextEquiv conf="0.989155946969986">
          <Unicode>Gerardi S. R. E. notarii (scriptoris) . . . . . . . . . . . . . . . a 11. Nov. 1166 ad 2. Mart. 1168</Unicode>
        </TextEquiv>
      </TextLine>
      <TextLine id="eSc_line_22d13d6a" custom="structure {type:default;}">
        <Coords points="2010,1877 2010,1896 2763,1899 2768,1870 2761,1843 2008,1846 2010,1877"/>
        <Baseline points="2010,1877 2768,1870"/>
        <TextEquiv conf="0.9990704161780221">
          <Unicode>et a 16. Mai. 1169 ad 11. Nov. 1169</Unicode>
        </TextEquiv>
      </TextLine>
      <TextLine id="eSc_line_eae88ad2" custom="structure {type:default;}">
        <Coords points="857,1916 857,1936 1007,1952 1009,1952 1440,1941 1455,1941 1462,1941 1584,1952 1586,1952 1588,1952 1623,1941 1648,1934 2032,1934 2061,1943 2083,1949 2085,1949 2087,1949 2768,1945 2768,1916 2768,1888 857,1877 857,1916"/>
        <Baseline points="857,1916 2768,1916"/>
        <TextEquiv conf="0.9853562622359304">
          <Unicode>Gratiani S. R. E. subdiaconi et notarii . . . . . . . . . . . . . a 21. Mart. 1168 ad 28. Apr. 1169</Unicode>
        </TextEquiv>
      </TextLine>
      <TextLine id="eSc_line_cca7df9e" custom="structure {type:default;}">
        <Coords points="2008,1963 2008,1983 2048,1996 2050,1996 2052,1996 2054,1996 2056,1996 2074,1985 2076,1985 2768,1994 2770,1963 2770,1932 2008,1932 2008,1963"/>
        <Baseline points="2008,1963 2770,1963"/>
        <TextEquiv conf="0.9911490485948675">
          <Unicode>et a 7. Dec. 1169 ad 7. Febr. 1178</Unicode>
        </TextEquiv>
      </TextLine>
      <TextLine id="eSc_line_0071cd44" custom="structure {type:default;}">
        <Coords points="941,2000 938,2018 954,2031 954,2033 956,2033 958,2033 961,2033 1135,2022 1146,2031 1146,2033 1148,2033 1151,2033 1153,2033 1261,2022 1277,2033 1279,2033 1281,2033 1433,2036 1436,2036 1714,2031 1716,2031 1718,2031 1732,2022 1736,2020 1889,2020 1911,2025 1986,2038 1988,2040 2081,2040 2081,2038 2083,2038 2109,2025 2114,2022 2121,2025 2132,2033 2134,2033 2136,2033 2138,2033 2361,2027 2364,2007 2361,1972 941,1965 941,2000"/>
        <Baseline points="941,2000 2364,2007"/>
        <TextEquiv conf="0.98901353597641">
          <Unicode>Gerardi S. R. E. subdiaconi et notarii . . . . . . d. 5. 6. et 7. Apr. 117?</Unicode>
        </TextEquiv>
      </TextLine>
      <TextLine id="eSc_line_6351a9e6" custom="structure {type:default;}">
        <Coords points="863,2051 863,2071 1312,2080 1314,2080 1316,2080 1319,2080 1330,2073 1341,2067 1378,2073 1418,2080 1420,2082 1676,2082 1676,2080 1679,2080 1692,2073 1712,2062 2059,2062 2134,2075 2154,2078 2156,2078 2755,2075 2757,2047 2752,2020 861,2016 863,2051"/>
        <Baseline points="863,2051 2757,2047"/>
        <TextEquiv conf="0.9814634251594544">
          <Unicode>Alberti S. R. E. presb. card. et cancellarii . . . . . . . . . . . a 21. Febr. 1178 ad 15. Aug. 1181</Unicode>
        </TextEquiv>
      </TextLine>
      <TextLine id="eSc_line_cbc44868" custom="structure {type:default;}">
        <Coords points="947,2093 947,2124 972,2137 974,2137 976,2137 978,2137 1005,2124 1016,2120 1520,2126 2028,2135 2030,2135 2061,2131 2109,2122 2145,2131 2163,2135 2165,2135 2167,2135 2169,2135 2180,2131 2209,2117 2258,2131 2266,2133 2269,2133 2476,2135 2478,2135 2481,2135 2489,2133 2538,2117 2585,2133 2593,2135 2596,2135 2598,2135 2816,2133 2816,2089 2810,2053 945,2064 947,2093"/>
        <Baseline points="947,2093 2816,2089"/>
        <TextEquiv conf="0.9995757198852041">
          <Unicode>Daiferii (Dayferi, Dauferii, Daiforiq) S. R. E. subdiaconi . d. 24. Oct. 1173. 14. Apr. 1180</Unicode>
        </TextEquiv>
      </TextLine>
      <TextLine id="eSc_line_462d10a4" custom="structure {type:default;}">
        <Coords points="989,2137 989,2164 1562,2164 1562,2137 1562,2111 989,2111 989,2137"/>
        <Baseline points="989,2137 1562,2137"/>
        <TextEquiv conf="0.9999075829982758">
          <Unicode>9. Dec. 1180, 13. Ian. 1181.</Unicode>
        </TextEquiv>
      </TextLine>
      <TextLine id="eSc_line_54f40053" custom="structure {type:default;}">
        <Coords points="815,2267 815,2292 1440,2290 1442,2261 1436,2226 1164,2228 1157,2226 1117,2208 1115,2208 1113,2208 1047,2219 1014,2208 1011,2208 1009,2208 1007,2208 963,2228 961,2228 958,2228 936,2210 934,2210 932,2210 848,2210 846,2210 843,2210 813,2223 815,2267"/>
        <Baseline points="815,2267 1442,2261"/>
        <TextEquiv conf="0.9991195577162283">
          <Unicode>1159. (Ind. 8, pont. a. 1.)</Unicode>
        </TextEquiv>
      </TextLine>
      <TextLine id="eSc_line_475f8c33" custom="structure {type:default;}">
        <Coords points="289,2345 289,2385 510,2373 510,2345 510,2261 419,2261 391,2245 362,2230 360,2230 357,2230 289,2230 289,2345"/>
        <Baseline points="289,2345 510,2345"/>
        <TextEquiv conf="0.9998183250427246">
          <Unicode>Sp „</Unicode>
        </TextEquiv>
      </TextLine>
      <TextLine id="eSc_line_dfb73587" custom="structure {type:default;}">
        <Coords points="545,2343 545,2362 653,2373 656,2373 793,2358 795,2338 788,2270 687,2270 676,2265 658,2252 656,2252 653,2252 651,2252 543,2259 545,2343"/>
        <Baseline points="545,2343 795,2338"/>
        <TextEquiv conf="0.9092223569750786">
          <Unicode>Ramae in</Unicode>
        </TextEquiv>
      </TextLine>
      <TextLine id="eSc_line_b1d90a98" custom="structure {type:default;}">
        <Coords points="843,2343 843,2373 2812,2367 2812,2338 2808,2287 2759,2283 2757,2283 2755,2283 2752,2283 2748,2287 2728,2298 2668,2287 2649,2283 2646,2283 2644,2283 2633,2287 2596,2298 2459,2287 2412,2283 2410,2283 2408,2283 2401,2287 2377,2298 2333,2287 2330,2287 2328,2287 2326,2287 2304,2298 2220,2287 2191,2283 2189,2283 2187,2283 2174,2287 2132,2298 1827,2290 1824,2290 1696,2301 1628,2290 1626,2290 1407,2301 1354,2287 1347,2285 1345,2285 1343,2285 1327,2287 1224,2301 1157,2287 1148,2285 1146,2285 1135,2287 1062,2301 1020,2287 1016,2285 1014,2285 1011,2285 841,2285 843,2343"/>
        <Baseline points="843,2343 2812,2338"/>
        <TextEquiv conf="0.9976193633260606">
          <Unicode>Eligitur. Post Adrianum sepultum cardinales „die sabbati (5. Sept.) coepisse de</Unicode>
        </TextEquiv>
      </TextLine>
      <TextLine id="eSc_line_5b6d7dec" custom="structure {type:default;}">
        <Coords points="543,2398 543,2429 795,2420 795,2398 795,2362 543,2360 543,2398"/>
        <Baseline points="543,2398 795,2398"/>
        <TextEquiv conf="0.9999535300514915">
          <Unicode>ecclesia b.</Unicode>
        </TextEquiv>
      </TextLine>
      <TextLine id="eSc_line_c450a0fa" custom="structure {type:default;}">
        <Coords points="899,2398 899,2420 2805,2422 2810,2389 2803,2360 897,2367 899,2398"/>
        <Baseline points="899,2398 2810,2389"/>
        <TextEquiv conf="0.9940623946133114">
          <Unicode>electione tractare“, referunt canonici S. Petri in Ragewini Gest. Frid. L. IV. c. 66</Unicode>
        </TextEquiv>
      </TextLine>
      <TextLine id="eSc_line_b804ed40" custom="structure {type:default;}">
        <Coords points="598,2449 596,2497 735,2506 740,2453 735,2404 598,2409 598,2449"/>
        <Baseline points="598,2449 740,2453"/>
        <TextEquiv conf="0.9935174822807312">
          <Unicode>Petri</Unicode>
        </TextEquiv>
      </TextLine>
      <TextLine id="eSc_line_105f9382" custom="structure {type:default;}">
        <Coords points="901,2453 901,2475 2810,2471 2812,2449 2808,2415 921,2409 919,2409 916,2409 914,2409 899,2415 901,2453"/>
        <Baseline points="901,2453 2812,2449"/>
        <TextEquiv conf="0.9991653584516965">
          <Unicode>in MG. SS. XX. 480. In Victorianorum autem epistola ibid. L. IV. c. 52. p. 473</Unicode>
        </TextEquiv>
      </TextLine>
      <TextLine id="eSc_line_726827b4" custom="structure {type:default;}">
        <Coords points="901,2506 901,2535 2810,2530 2812,2502 2808,2473 899,2468 901,2506"/>
        <Baseline points="901,2506 2812,2502"/>
        <TextEquiv conf="0.9991580075339267">
          <Unicode>reperimus haec: „sed cum electio lente procederet, tertia die fere transacta</Unicode>
        </TextEquiv>
      </TextLine>
      <TextLine id="eSc_line_792b6b22" custom="structure {type:default;}">
        <Coords points="903,2561 903,2585 2812,2590 2814,2561 2814,2530 903,2519 903,2561"/>
        <Baseline points="903,2561 2814,2561"/>
        <TextEquiv conf="0.9984716606140137">
          <Unicode>(7. Sept.) Rolandum nominaverunt, nos Octavianum elegimus“; et pari modo in</Unicode>
        </TextEquiv>
      </TextLine>
      <TextLine id="eSc_line_66c6156a" custom="structure {type:default;}">
        <Coords points="908,2616 908,2638 2808,2641 2812,2616 2808,2577 908,2581 908,2616"/>
        <Baseline points="908,2616 2812,2616"/>
        <TextEquiv conf="0.9979822784662247">
          <Unicode>Alexandri epist. ap. Cafarum in MG. SS. XVIII. 28: „tribus diebus (5., 6., 7. Sept.)</Unicode>
        </TextEquiv>
      </TextLine>
      <TextLine id="eSc_line_60a3bc7e" custom="structure {type:default;}">
        <Coords points="908,2667 905,2687 2808,2698 2812,2672 2810,2638 908,2636 908,2667"/>
        <Baseline points="908,2667 2812,2672"/>
        <TextEquiv conf="0.9965685267507294">
          <Unicode>inter se de ipsa electione tractantes“ cet. (Sed Boso card. in Vita Alexandri ap.</Unicode>
        </TextEquiv>
      </TextLine>
      <TextLine id="eSc_line_668b09f3" custom="structure {type:default;}">
        <Coords points="908,2725 908,2747 2808,2753 2812,2720 2808,2689 905,2687 908,2725"/>
        <Baseline points="908,2725 2812,2720"/>
        <TextEquiv conf="0.9964835794575243">
          <Unicode>Watterich II. 378 tradit, de electione agi iam II. non. Sept. (d. 4. Sept.) coeptum</Unicode>
        </TextEquiv>
      </TextLine>
      <TextLine id="eSc_line_e0f267f0" custom="structure {type:default;}">
        <Coords points="903,2780 903,2804 2808,2809 2812,2775 2808,2742 1014,2740 1011,2740 901,2751 903,2780"/>
        <Baseline points="903,2780 2812,2775"/>
        <TextEquiv conf="0.9993776564414685">
          <Unicode>esse.) Uberrime de electione disseruerunt Reuter Gesch. Alexanders des Dritten</Unicode>
        </TextEquiv>
      </TextLine>
      <TextLine id="eSc_line_870cbf81" custom="structure {type:default;}">
        <Coords points="905,2835 905,2857 2812,2853 2812,2831 2808,2802 925,2793 923,2793 921,2793 919,2793 903,2800 905,2835"/>
        <Baseline points="905,2835 2812,2831"/>
        <TextEquiv conf="0.9951505109667778">
          <Unicode>I. 63 et 487 sq., Mühlbacher Streitige Papstwahl p. 163 sq., Meyer Die Wahl Ale-</Unicode>
        </TextEquiv>
      </TextLine>
      <TextLine id="eSc_line_82da50a5" custom="structure {type:default;}">
        <Coords points="908,2890 908,2915 2808,2915 2810,2890 2808,2857 908,2855 908,2890"/>
        <Baseline points="908,2890 2810,2890"/>
        <TextEquiv conf="0.9994460337133293">
          <Unicode>xanders III. und Victors IV., Gött. 1871, Ribbeck in Forsch. z. d. Gesch. XXV. 354.</Unicode>
        </TextEquiv>
      </TextLine>
      <TextLine id="eSc_line_a3cd7198" custom="structure {type:default;}">
        <Coords points="178,2952 178,3029 247,3032 249,2952 247,2892 178,2903 178,2952"/>
        <Baseline points="178,2952 249,2952"/>
        <TextEquiv conf="0.7312086820602417">
          <Unicode>„</Unicode>
        </TextEquiv>
      </TextLine>
      <TextLine id="eSc_line_a5c499e2" custom="structure {type:default;}">
        <Coords points="300,2952 300,2974 362,2990 364,2990 419,2979 437,2974 446,2979 483,2996 486,2996 488,2998 554,2998 554,2996 556,2996 558,2996 583,2981 598,2972 618,2983 625,2985 627,2985 629,2985 631,2985 638,2983 660,2972 797,2985 799,2945 797,2886 718,2866 715,2866 713,2866 676,2877 647,2868 645,2868 642,2868 640,2868 638,2868 614,2886 505,2870 503,2870 501,2870 499,2870 470,2888 349,2879 346,2879 344,2879 298,2890 300,2952"/>
        <Baseline points="300,2952 585,2941 799,2945"/>
        <TextEquiv conf="0.9152412414550781">
          <Unicode>„ 7. „ eavtruan</Unicode>
        </TextEquiv>
      </TextLine>
      <TextLine id="eSc_line_eb61af1f" custom="structure {type:default;}">
        <Coords points="850,2945 850,2981 919,2968 1140,2968 1177,2979 1179,2979 1182,2979 1193,2979 1314,2968 1462,2976 1515,2979 1517,2979 1575,2974 1681,2968 1707,2974 1725,2979 1727,2979 1729,2979 1732,2979 1752,2974 1778,2968 1800,2972 1822,2979 1824,2979 1827,2979 1906,2972 1964,2968 1981,2972 2003,2976 2006,2976 2008,2976 2010,2976 2023,2972 2037,2965 2163,2970 2339,2976 2341,2976 2644,2965 2671,2965 2677,2965 2763,2976 2766,2976 2768,2976 2810,2963 2810,2941 2805,2912 1003,2903 1000,2903 848,2915 850,2945"/>
        <Baseline points="850,2945 2810,2941"/>
        <TextEquiv conf="0.991505941003561">
          <Unicode>se confert. Epistola Victorianorum ap. Ragewinum L. IV. c. 52. p. 474. „In muni-</Unicode>
        </TextEquiv>
      </TextLine>
      <TextLine id="eSc_line_beee801e" custom="structure {type:default;}">
        <Coords points="574,3001 574,3027 775,3025 775,2994 771,2965 585,2959 583,2959 581,2959 578,2959 578,2961 572,2965 574,3001"/>
        <Baseline points="574,3001 775,2994"/>
        <TextEquiv conf="0.9931340143084526">
          <Unicode>b. Petri</Unicode>
        </TextEquiv>
      </TextLine>
      <TextLine id="eSc_line_f8310f9b" custom="structure {type:default;}">
        <Coords points="905,3001 905,3032 2808,3032 2810,3001 2808,2968 905,2965 905,3001"/>
        <Baseline points="905,3001 2810,3001"/>
        <TextEquiv conf="0.9935672371475784">
          <Unicode>tionem ecclesiae S. Petri“, Epist. Alexandri in Cafari Ann. in MG. SS. XVIII. 28.</Unicode>
        </TextEquiv>
      </TextLine>
      <TextLine id="eSc_line_bb2d5575" custom="structure {type:default;}">
        <Coords points="905,3056 905,3080 2317,3080 2319,3051 2313,3021 903,3023 905,3056"/>
        <Baseline points="905,3056 2319,3051"/>
        <TextEquiv conf="0.9998162917552456">
          <Unicode>„In turri S. Petri“, Romualdi Salernit. Annal. ibid. XIX. 430.</Unicode>
        </TextEquiv>
      </TextLine>
      <TextLine id="eSc_line_f7ca2359" custom="structure {type:default;}">
        <Coords points="335,3113 335,3160 517,3160 517,3109 512,3069 333,3067 335,3113"/>
        <Baseline points="335,3113 517,3109"/>
        <TextEquiv conf="0.9286808626992362">
          <Unicode>„ 7-15.</Unicode>
        </TextEquiv>
      </TextLine>
      <TextLine id="eSc_line_595c942c" custom="structure {type:default;}">
        <Coords points="554,3109 554,3124 698,3135 700,3135 786,3118 788,3102 782,3067 552,3071 554,3109"/>
        <Baseline points="554,3109 788,3102"/>
        <TextEquiv conf="0.9999997085995145">
          <Unicode>in castro</Unicode>
        </TextEquiv>
      </TextLine>
      <TextLine id="eSc_line_abdfed9b" custom="structure {type:default;}">
        <Coords points="857,3113 857,3144 921,3133 1089,3144 1113,3144 1115,3144 1186,3142 1376,3138 1385,3142 1396,3149 1398,3149 1400,3149 1402,3149 1405,3149 1422,3142 1442,3133 1489,3142 1524,3146 1526,3146 1562,3140 1601,3133 1668,3140 1736,3146 1738,3146 1789,3140 1818,3135 1891,3138 2068,3146 2070,3146 2072,3146 2105,3138 2121,3133 2140,3138 2185,3144 2187,3144 2189,3144 2213,3135 2235,3129 2266,3135 2288,3140 2291,3140 2324,3135 2366,3129 2377,3135 2394,3144 2397,3144 2399,3144 2808,3131 2810,3107 2805,3074 872,3069 870,3069 868,3069 866,3069 855,3076 857,3113"/>
        <Baseline points="857,3113 2810,3107"/>
        <TextEquiv conf="0.9941367954015732">
          <Unicode>„Novem diebus continuis“, Epist. Alexandri l. l.; „per dies octo et amplius“, Epist.</Unicode>
        </TextEquiv>
      </TextLine>
      <TextLine id="eSc_line_42a2069c" custom="structure {type:default;}">
        <Coords points="574,3162 574,3182 777,3177 777,3157 771,3127 572,3129 574,3162"/>
        <Baseline points="574,3162 777,3157"/>
        <TextEquiv conf="0.9997789114713669">
          <Unicode>S. Petri</Unicode>
        </TextEquiv>
      </TextLine>
      <TextLine id="eSc_line_a1ea6329" custom="structure {type:default;}">
        <Coords points="910,3160 908,3180 1334,3184 1338,3164 1336,3133 910,3129 910,3160"/>
        <Baseline points="910,3160 1338,3164"/>
        <TextEquiv conf="0.9999374464938515">
          <Unicode>Victorianorum I. I.</Unicode>
        </TextEquiv>
      </TextLine>
      <TextLine id="eSc_line_ec96e9b7" custom="structure {type:default;}">
        <Coords points="338,3221 338,3246 813,3250 815,3215 810,3180 682,3166 680,3166 603,3180 561,3164 558,3164 556,3164 554,3164 512,3182 492,3166 490,3166 488,3166 439,3166 437,3166 335,3184 338,3221"/>
        <Baseline points="338,3221 815,3215"/>
        <TextEquiv conf="0.9969552439801833">
          <Unicode>„ 15. Trans Tibe-</Unicode>
        </TextEquiv>
      </TextLine>
      <TextLine id="eSc_line_42fbf118" custom="structure {type:default;}">
        <Coords points="855,3219 855,3252 2808,3239 2810,3213 2805,3180 2467,3168 2465,3168 2266,3180 2238,3168 2235,3168 2233,3168 2231,3168 2198,3180 2034,3171 2032,3171 2030,3171 2028,3171 2012,3182 2010,3184 1869,3184 1694,3184 1676,3171 1674,3171 1672,3171 1509,3171 1506,3171 927,3184 908,3173 905,3173 903,3173 901,3173 899,3173 852,3186 855,3219"/>
        <Baseline points="855,3219 2810,3213"/>
        <TextEquiv conf="0.9932298162404228">
          <Unicode>„In arctiori et tutiori loco ponitur“ a senatoribus, Epist. Alexandri I. I. „Nono die</Unicode>
        </TextEquiv>
      </TextLine>
      <TextLine id="eSc_line_853455fe" custom="structure {type:default;}">
        <Coords points="620,3274 620,3301 733,3310 735,3274 735,3239 620,3239 620,3274"/>
        <Baseline points="620,3274 735,3274"/>
        <TextEquiv conf="0.9999918937683105">
          <Unicode>rim</Unicode>
        </TextEquiv>
      </TextLine>
      <TextLine id="eSc_line_39169438" custom="structure {type:default;}">
        <Coords points="908,3272 908,3294 2543,3297 2545,3272 2545,3244 908,3241 908,3272"/>
        <Baseline points="908,3272 2545,3272"/>
        <TextEquiv conf="0.9911630261275504">
          <Unicode>descendentes trans Tyberim“, Epistola canonicorum S. Petri I. I. p. 481.</Unicode>
        </TextEquiv>
      </TextLine>
      <TextLine id="eSc_line_00f4118f" custom="structure {type:default;}">
        <Coords points="333,3330 333,3369 408,3376 410,3376 413,3376 415,3376 415,3374 430,3358 433,3356 528,3347 528,3325 521,3288 331,3290 333,3330"/>
        <Baseline points="333,3330 528,3325"/>
        <TextEquiv conf="0.9935171093259539">
          <Unicode>„15-17.</Unicode>
        </TextEquiv>
      </TextLine>
      <TextLine id="eSc_line_5aef26cc" custom="structure {type:default;}">
        <Coords points="645,3339 645,3354 718,3380 722,3339 722,3312 645,3312 645,3339"/>
        <Baseline points="645,3339 722,3339"/>
        <TextEquiv conf="1.0">
          <Unicode>„</Unicode>
        </TextEquiv>
      </TextLine>
      <TextLine id="eSc_line_edf55ca8" custom="structure {type:default;}">
        <Coords points="855,3330 855,3354 2808,3350 2810,3321 2803,3281 2315,3292 2072,3288 1831,3283 1829,3283 1765,3290 1729,3294 1623,3292 1343,3286 1341,3286 1268,3297 1259,3297 1224,3297 883,3288 881,3288 879,3288 852,3297 855,3330"/>
        <Baseline points="855,3330 2810,3321"/>
        <TextEquiv conf="0.9942163599700462">
          <Unicode>„Ferme per triduum“, Epistola Alexandri I. I. „Trans Tyberim eo die (15. Sept.) et</Unicode>
        </TextEquiv>
      </TextLine>
      <TextLine id="eSc_line_c4de52a0" custom="structure {type:default;}">
        <Coords points="908,3380 908,3422 1221,3414 1243,3425 1248,3429 1250,3429 1252,3429 1254,3429 1257,3429 1259,3429 1263,3425 1285,3414 1517,3414 1539,3427 1546,3431 1548,3431 1551,3431 1553,3433 1805,3433 1805,3431 1849,3427 2003,3414 2030,3429 2032,3431 2034,3431 2037,3431 2039,3431 2163,3429 2165,3429 2167,3429 2180,3418 2213,3429 2220,3431 2222,3431 2224,3431 2227,3431 2231,3429 2271,3414 2306,3429 2311,3431 2313,3431 2315,3433 2381,3433 2381,3431 2390,3431 2461,3414 2556,3431 2562,3431 2565,3431 2567,3431 2569,3431 2611,3414 2631,3429 2633,3429 2635,3429 2805,3431 2810,3380 2808,3352 908,3352 908,3380"/>
        <Baseline points="908,3380 2810,3380"/>
        <TextEquiv conf="0.9947674811622242">
          <Unicode>altero (16. Sept.) commorantes XI (die ab electione, 17. Sept.) exierunt“. Epist.</Unicode>
        </TextEquiv>
      </TextLine>
      <TextLine id="eSc_line_2e4ce445" custom="structure {type:default;}">
        <Coords points="903,3436 903,3464 1568,3460 1568,3436 1568,3407 903,3400 903,3436"/>
        <Baseline points="903,3436 1568,3436"/>
        <TextEquiv conf="0.999232332621302">
          <Unicode>canonicorum S. Petri p. 841.</Unicode>
        </TextEquiv>
      </TextLine>
      <TextLine id="eSc_line_cbb01472" custom="structure {type:default;}">
        <Coords points="340,3498 340,3559 470,3546 563,3559 618,3568 620,3568 623,3568 640,3559 669,3544 698,3559 711,3566 713,3566 715,3566 718,3566 720,3566 729,3559 757,3539 806,3557 810,3486 806,3453 576,3453 574,3451 547,3427 547,3425 545,3425 543,3425 541,3425 430,3427 428,3427 426,3427 399,3449 391,3456 382,3449 377,3445 377,3442 375,3442 373,3442 371,3442 338,3447 340,3498"/>
        <Baseline points="340,3498 810,3486"/>
        <TextEquiv conf="0.9737806359926859">
          <Unicode>„ 17. per Crben</Unicode>
        </TextEquiv>
      </TextLine>
      <TextLine id="eSc_line_0627a519" custom="structure {type:default;}">
        <Coords points="846,3489 843,3544 861,3555 863,3555 866,3555 868,3557 912,3557 912,3555 914,3555 916,3555 916,3553 932,3539 950,3555 952,3555 954,3555 956,3557 1075,3557 1075,3555 1078,3555 1142,3539 1157,3535 1168,3539 1217,3555 1219,3555 1221,3557 1338,3557 1338,3555 1341,3555 1372,3539 1385,3553 1385,3555 1387,3555 1389,3555 1491,3557 1493,3557 1495,3557 1497,3557 1524,3537 1526,3537 1573,3537 1575,3537 1604,3557 1606,3557 1608,3557 1610,3557 1612,3557 1615,3557 1615,3555 1626,3546 1681,3557 1683,3557 1685,3557 1687,3557 1721,3537 1723,3537 1782,3537 1822,3555 1824,3555 1827,3555 1829,3555 1877,3537 1988,3557 1990,3557 1992,3557 2032,3537 2105,3537 2107,3493 2107,3460 2085,3449 2083,3449 2081,3449 846,3456 846,3489"/>
        <Baseline points="846,3489 2107,3493"/>
        <TextEquiv conf="0.9588782661839536">
          <Unicode>„magnifice et honorifice ducitur“. Epist. Alerandri l. I.</Unicode>
        </TextEquiv>
      </TextLine>
    </TextRegion>
    <TextRegion id="eSc_textblock_e0a2cb25"  custom="structure {type:default;}">
      <Coords points="1265,141 2008,150 2017,227 1067,245 1040,209 1049,150 1265,141"/>
      <TextLine id="eSc_line_c71f8cc2" custom="structure {type:default;}">
        <Coords points="1073,218 1073,240 1992,234 1995,207 1990,156 1261,147 1259,147 1257,147 1254,147 1254,150 1252,150 1243,161 1124,150 1122,150 1120,150 1071,165 1073,218"/>
        <Baseline points="1073,218 1995,207"/>
        <TextEquiv conf="0.9996119165420532">
          <Unicode>ALEXANDER III. 1159—1181.</Unicode>
        </TextEquiv>
      </TextLine>
    </TextRegion>
  </Page>
</PcGts>
