3007 3975
656 320 1977 406 1161. (Ind. 9. — 25. Sept. — 10, pont. a. 2. — 20. Sept. — 3.)
689 390 2662 465 10654 Capitulo Westmonasteriensi idem nuntiat ac praecedenti epistola. Pflugk-Hart-
119 377 298 521 Gebr)
373 375 642 514 (Anagntae)
740 454 1672 523 tung Iter p. 263. — „Illius devotionis“.
695 505 2660 580 10655 (7161) H(ugoni), episcopo Suessionensi, queritur, Fredericum (imperatorem),
174 501 351 611 „ 17.
472 501 563 591 „
742 571 2657 636 „positum in insidiis, aditus viarum ita per satellites barbaricae feritatis obstruxisse,
740 618 2660 684 quod illi iam non valeant usque ad sese transire, a quibus Romana ecclesia in neces-
740 682 2662 737 sitatibus suis oportuna recipere suffragia consueverit“. De stipendiis antea missis
742 730 2662 797 gratias agit; sed monet, ut „ad subventionem ecclesiae et ad solvenda debita quibus
742 783 2660 854 prematur, manum adhuc liberalitatis extendat, abbates quoque et alios ecclesiarum
742 836 2662 909 praelatos ad hoc idem cum omni diligentia exhortetur“. Duchesne H. Fr. SS. IV. 611,
744 896 2664 962 Bouquet Rec. XV. 756, Mansi XXI. 1003, Migne 200 p. 107. — „Illa devotionis
740 947 1003 1022 integritas“.
689 998 2662 1071 10656 (7162) Henrico, episcopo Bellovacensi, idem nuntiat, eumque hortatur, ut sibi
170 1000 355 1077 „ 18.
477 995 570 1068 „
740 1066 2662 1128 laboranti aere alieno subveniat. Martene Coll. II. 657, Migne 200 p. 108. — „IHlius
740 1124 1243 1177 devotionis integritas“.
693 1170 2662 1232 10657 (7163) Monasterii SS. Facundi et Primitivi Sahagunensis possessiones et privi-
172 1168 351 1241 „ 26.
479 1163 565 1241 „
715 1227 2662 1291 legia confirmat, petente Dominico abbate. Escalona Hist. de Sahagun p. 541. — „Apo-
740 1278 1345 1351 stolicae sedis auctoritate“.
691 1333 2662 1400 10658 (7164) Magistro Nicolao significat, se de eo ad Hugonem Senonensem et S(am-
139 1325 355 1444 Mart. 6.
475 1329 565 1461 „
740 1395 2662 1455 sonem) Remensem archiepiscopos et Henricum comitem (Trecensem) diligenter scri-
742 1450 2662 1521 psisse. Martene Coll. II. 658, Bouquet Rec. XV. 757, Migne 200 p. 109. — „De-
744 1501 1367 1561 votionis tuae constantiam“.
693 1554 2662 1623 10659 (7165) Monasterii Phalempinensis protectionem suscipit, et privilegia confirmat,
486 1510 561 1678 „
742 1614 2662 1687 petente Hemfredo abbate. (Fragmentum.) Buzelini Gallo-Flandria p. 374, Migne 200
742 1671 1588 1733 p. 110. — „. . . ea propter dilecti“.
693 1720 2664 1788 10660 (7166) Henrici, episcopi Bellovacensis, erge se studium collaudat, et sui „recep-
141 1720 360 1852 Apr. 7.
461 1711 570 1808 „
742 1779 2662 1841 tionem, quae in concilio in Francia celebrato (Tolosae, cf. Reuter I. 499) solemniter
740 1830 2662 1894 facta est, magis quam ei, nulli mortalium imputat“. Hugonem, abbatem Cluniacen-
742 1892 2662 1952 sem, Octaviani fautorem, excommunicat. Mandat, ut Cluniacum se conferat, et
746 1949 2662 2009 Hugonem aut removeat, aut, si reverti ad fidem constituerit, recipiat, atque „Imarum,
742 2000 2662 2062 schismaticum et haereticum Tusculanum quondam episcopum, capiat vel a monasterio
744 2060 2662 2124 prorsus eiiciat“. Martene Coll. II. 659, Bouquet Rec. XV. 768, Mansi XXI. 1149,
744 2108 1831 2177 Migne 200 p. 111. — „Illa ardentis caritatis“.
693 2153 2662 2228 10661 (7167) Universis fratribus Cluniacensis monasterii in communione ecclesiae et
172 2135 360 2232 „ 7.
455 2146 574 2230 „
744 2214 2662 2281 in ipsius fidelitate et obedientia existentibus nunciat, Henrico, episcopo Bellovacensi,
744 2276 2662 2336 quid mandaverit. Martene Coll. II. 661, Bouquet Rec. XV. 769, Mansi XXI. 1151,
748 2325 1745 2389 Migne 200 p. 113. — „Sicut Cluniacense“.
695 2382 2662 2451 10662 (7168) H(ilario), episcopo Cicestrensi, et L. abbati Westmonasterii mandat,
174 2367 357 2455 „ 8.
479 2371 556 2455 „
748 2442 2666 2504 iudicent inter Riccardum de Anesten et Mabilam de Francevill. Rymer Foedera
746 2491 1900 2552 I. 19, Migne 200 p. 114. — „Causa, quae inter“.
393 2473 634 2619 Latenamr
695 2544 2666 2610 10663 (7169) Syri, archiepiscopi lanuensis, eiusque successorum dignitatem, ab Inno-
181 2535 362 2612 „ 9.
748 2608 2666 2665 centio II. constitutam, confirmat, eique episcopatum Albigaunensem subiicit et lega-
746 2661 2664 2718 tionem transmarinam (octavo quoque anno obeundam), usumque equi cum nacco
748 2714 2664 2778 albo, crucis dominicae, pallii concedit, cet. Ughelli It. sacr. IV. 867, Migne 200
748 2764 2666 2839 p. 115: „Dat. Laterani . . . 5. id. Apr., ind. IX., inc. a. 1161, p. a. 2“, An recta sit
748 2824 2520 2884 clausula, parum liquet; vide infra bullam 10707. — „Superna et ineffabilis“.
428 2862 618 2943 Romae
148 2866 366 2943 lun. 6.
695 2881 2213 2939 ap. S. Mariam novam honorifice excipitur. Vide infra ep. 10666.
702 2928 1212 2990 Vide infra ep. 10666.
187 2926 366 2996 „ 11.
410 2917 629 2998 Laterani
702 2979 2668 3045 10664 (7170) Sententiam ab Herrico, patriarcha Gradensi, et Ildebrando, basilicae XII
185 2976 362 3102 „ 12.
483 2987 567 3096 „
748 3045 2668 3104 apostolorum presbytero cardinali, legato suo, latam inter Guidonem, priorem ecclesiae
748 3091 2668 3157 S. Salvatoris Venetae, et Dominicum, plebanum S. Bartholomei, super domibus quibus-
748 3153 2660 3213 dam parochialibus, confirmat. Cornelii Eccl. Ven. XIV. 97, Migne 200 p. 118. —
757 3210 1279 3266 „Quotiens a fratribus“.
187 3237 658 3325 „ 13.  Romae ap.
704 3261 2671 3321 10665 (7171) Ecclesiam Gradensem tuendam suscipit, et eius bona ac privilegia con-
393 3308 649 3376 S. Mariam
753 3314 2668 3380 firmat. Henrico patriarchae crucis palliique ius et archiepiscopatus Iadertini primatum
753 3369 2668 3436 concedit. Cornelii Eccl. Ven. III. 73, Migne 200 p. 118. — „Apostolicae officium“.
437 3372 607 3422 novam
704 3416 2668 3486 10666 (7172) Henrico, patriarchae Gradensi, eiusque suffraganeis, Patavino, Veronensi,
190 3400 366 3480 „ 14.
494 3429 561 3544 „
757 3475 2666 3577 Tarvisino, Perrariensi, Vicentino et universis episcopis, abbatibus aliisque ecclesiarum
181 3520 757 3619 Regenta Font Nomen. Ba erc. II.
2326 3542 2399 3623 20
923 161 1849 256 ALEXANDER III. 1159—1181.
2536 172 2662 258 153
