3007 3975
665 309 1988 395 1161. (Ind. 9. — 25. Sept. — 10, pont. a. 2. — 20. Sept. — 3.)
746 379 2671 457 Duchesne H. Fr. SS. IV. 597, Bouquet Rec. XV. 7171, Mansi XXI. 986, Migne 200
746 439 1524 516 p. 127. — „Litteras celsitudinis“.
698 496 2673 563 10681 *Imperatori „Constantinopolitano scribit, promittens ei vanitates vanitatum, quas
746 554 2638 622 ipse non attendit“. Vide Epistolam B. Coloniensis ap. Sudendorf Registr. II. 138.
695 611 2671 673 10682 *Regi „Ungaro privilegium confert, ut ipse pallia archiepiscopis Ungariae con-
746 669 2671 733 cedat et det, quotiens eligantur, et episcopi et clerici illi nisi pro eius voluntate et
753 730 2671 795 per eum cum Romanis agere non habeant“. Vide Epistolam B. Coloniensis ap.
748 786 1380 839 Sudendorf Registr. II. 138.
391 801 649 905 Terracinae
695 817 2671 894 10683 *Canonicorum S. Frigdiani Lucensium privilegia confirmat. (Pro „pont. „ rra
128 779 371 949 SpaB-
748 892 2671 951 certe legendum est „pont. a. III.“ Cetera signa chronologica omisit) Pennotti Ord.
748 942 2041 1011 cler. can. hist. ed. Rom. p. 734. — „Religiosam vitam“.
704 998 2668 1066 10684 Ecclesiae Eduensis possessiones et privilegia confirmat, petente Henrico episcopo.
143 995 364 1071 Doc. 1.
490 1009 570 1108 „
748 1046 2242 1113 Charmasse Cart. de l'év. d'Autun p. 246. — „Cum ex iniunctos.
702 1101 2664 1170 10685 Monasterio omnium sanctorum de Insula (Catalaunensi) ecclesias quasdam asserit
181 1104 360 1174 „ 9.
497 1095 565 1227 „
748 1157 2534 1223 Lalore Coll. des cartul. IV. 254, Neues Archiv VII. 96. — „Religiosis votis“.
702 1216 2671 1285 10686 Ecclesiae S. Iohannis Trecensis sepulturam liberam esse decernit, petente magistro
183 1212 362 1298 „ 21.
490 1210 576 1333 „
751 1276 2626 1333 Nicolao priore. Pflugk-Harttung Acta I. 231. — „Ultimam voluntatem defuncti“.
702 1331 2671 1391 10687 (7181) Henrico, episcopo Bellovacensi, scribit, in suas ad eum et episcopum
183 1309 360 1404 „ 23.
481 1316 574 1466 „
748 1384 2673 1453 Parisiensem litteras de negotio ecclesiae Flaviniacensis haec verba: „R. quondam
748 1435 2671 1503 abbas“ irrepsisse, cum idem abbas per sententiam W(illelmi) presbyt. card. tit. S. Petri
748 1490 2671 1556 ad vincula restitutus esset. Emendatum igitur litterarum earundem exemplum (quod
748 1543 2609 1609 sequitur) mittit. Martene Coll. II. 656, Migne 200 p. 127. — „In litteris, quas“.
702 1598 2671 1667 10688 (7182) Henrico Bellovacensi, et M(auritio) Parisiensi episcopis mandat, ut de R.
183 1576 360 1676 „ 23.
479 1574 574 1724 „
751 1654 2668 1724 abbate Flaviniacensi „tam in civilibus quam in criminalibus accusato“ iudicium faciant.
748 1718 2671 1779 Martene Coll. II. 655, Bouquet Rec. XV. 772, Migne 200 p. 128. — „Pervenit ad
746 1764 1020 1839 nos, quod“.
698 1817 2673 1892 10689 *Inter Ovetensem et Lucensem episcopos concordiam ab Adephonso rege (Castiliae)
748 1874 1714 1938 factam approbat. Neues Archiv VI. 301.
700 1925 2673 1996 10690 Monasterii S. Mariae Caroli-oci possessiones confirmat iuraque instituit. (Frag-
746 1983 2476 2049 mentum.) In bibl. nat. Paris. Cartul. mon. Car.-loci ms. lat. 11003. f. 387.
187 2007 364 2113 „ 25.
698 2036 2671 2115 „Nativitate domini“. Marangonis Chron. Pisan. 1162 in Archivio stor. Ital. VI. II. 26,
488 2000 561 2113 „
748 2102 1274 2159 in MG. SS. XIX. 247.
382 2142 656 2217 iuxta mon-
693 2150 2671 2219 („in faucibus Legulae“) conscendit „infra octavas nativitatis dominicae“. Bosonis cardin.
183 2142 231 2230 „
371 2199 669 2290 tem Circeium;
737 2203 1641 2274 Vita Alexandri ap. Watterich II. 387.
665 2283 2589 2380 1162. (Ind. (0. — 25. Sept. — 11, pont. a. 3. — 20. Sept. — 4, 1161. — 25. Mart. — 1162.)
707 2360 2668 2442 Vide Marangonis Chron. Pisan. 1162 in Archivio stor. Ital. VI. II. 26, in MG. SS.
406 2349 631 2435 Plumbini
150 2332 276 2442 Lan.
751 2420 1011 2491 XIX. 247.
707 2475 1665 2552 Vide Marangonis Chron. Pisan. 1162 I. I.
448 2477 612 2546 Vadae
707 2539 1665 2601 Vide Marangonis Chron. Pisan. 1162 I. I.
415 2530 638 2601 Livornae
192 2541 234 2616 „
700 2597 1661 2665 Vide Marangonis Chron. Pisan. 1162 I. I.
380 2583 665 2669 in portu Ve-
181 2610 289 2663 „„
457 2656 594 2711 neris
687 2689 2503 2767 Pipinum episcopum Lunensem consecrat. Margaronis Chron. Pisan. 1162 I. 1.
375 2678 673 2804 in portu Bet.
190 2696 258 2826 „
446 2760 594 2831 phini
700 2800 2635 2877 pervenit „in festo S. Agnetis“. Bosonis card. Vita Alexandri ap. Watterich II. 387.
424 2813 623 2888 lanuam
187 2802 364 2888 „ 21.
682 2866 2671 2937 (10691 (ccccx1v) Ecclesiae S. Martini Gamundiensis protectionem suscipit, possessiones-
190 2857 362 2950 „ 23.
757 2921 2671 2987 que ac iura confirmat. („Dat. Anagniae per Marium Gratiani, R. E. notarium“ cet.)
757 2979 1884 3045 Moriondi Mon. Aqu. I. 61. — „Quoties a nobis“.
707 3036 2673 3098 10692 Canonicis ecclesiae S. Aviti Aurelianensis asserit ecclesiam de Escoboliis, a
435 3018 623 3109 lanuae
190 3018 371 3096 „ 24.
757 3082 2668 3155 M(anasse) episcopo concessam. Ex chartul. S. Aviti in bibl. nat. Paris. ms. lat. 12886.
757 3138 1588 3206 Misit Delisle. — „Iustis petentium“.
709 3197 2671 3266 10693 (ccccxv) Villano, archiepiscopo Pisano, subiicit Galtelinensem et Civitatensem
196 3186 373 3350 „ *6.
486 3193 585 3325 „
760 3259 2671 3321 episcopatus, in Sardiniae indicatu Gallurensi sitos, ac episcopatum Populoniensem,
757 3310 2671 3376 „pro recompensatione episcopatuum“, quos Hubertus, quondam archiepiscopus Pisanus
757 3363 2668 3429 sedi Romanae concesserit. Insuper ei tribuit primatum super provinciam Turritanam,
760 3414 2671 3480 legationem Sardiniae, usum equi albi crucisque, ac pallium, quo utatur in consecra-
760 3469 2668 3577 tione Aleriensis, Aiacensis, Saguntini ac trium episcoporum, qui supra memorati sunt.
2306 3524 2392 3606 20*
934 152 1864 247 ALEXANDER III. 1159—1181.
2549 150 2671 247 155
