3007 3975
293 159 415 247 156
837 300 2755 397 1162. (Ind. 10. — 25. Sept. — 11, pont. a. 3. — 20. Sept. — 4, 1161. — 25. Mart. — 1162.)
921 379 2839 457 (Nescio, quo seductus errore Jaffé hanc bullam in simulatarum numerum relegaverit.)
925 446 2839 503 Vivianus Praxis iurispatronatus p. 70; Theatr. basil. Pisan. p. 75 teste Pflugk-Hart-
919 499 2836 560 tung Iter p. 262, (Reg. ap. Ughelli It. sacr. III. 395). — „Tunc apostolicae sedi“.
307 503 530 636 Febr. 7.
596 488 779 636 Lann
870 554 2836 620 10694 Ecclesiae S. Trinitatis Catalaunensis sepulturam liberam esse decernit. Pflugk-
925 609 2196 666 Harttung Acta I. 231. — „Iustis petentium desideriis“.
344 655 530 744 „ 9.
658 675 729 803 „
872 662 2839 726 10695 (7183) Ludovico, Francorum regi, ecclesiam Ferrariensem commendat. Duchesne
923 715 2839 790 H. Fr. SS. IV. 596, Bouquet Rec. XV. 773, Mansi XXI. 985, Migne 200 p. 129.
927 779 1475 836 — „Decet clementiam“.
338 808 525 907 „ 9.
660 797 737 965 „
870 817 2841 894 10696 (7184) Henricum Bellovacensem et M(auritium) Parisiensem episcopos iudices
905 885 2839 942 constituit inter Hugonem, archiepiscopum Senonensem, et D(odonem), abbatem Fer-
923 938 2839 998 rariensem, de ecclesiis quibusdam litigantes. Martene Coll. II. 665, Bouquet Rec.
925 998 2344 1060 XV. 774, Migne 200 p. 129. — „Controversiam, quae inter“.
344 987 532 1128 „ 18.
658 1042 737 1132 „
872 1040 2839 1110 10697 (7185) Philippum abbatem fratresque monasterii Praemonstratensis perstantes in
919 1099 2841 1163 fide laudat, monetque, ut „schismaticos ordinis ad veritatem studeant propensius
923 1159 2841 1214 revocare et schisma Octaviani haeresiarchae sub iureiurando abrenunciare“. Con-
923 1214 2839 1278 tumaces excommunicari iubet. Le Paige Bibl. Praem. p. 629, Hugo O. Pr. A. I. Pr.
921 1263 2580 1336 p. 21, Bouquet Rec. XV. 774, Migne 200 p. 130. — „Omnipotenti Deo“.
349 1276 532 1393 „ 22.
658 1320 746 1400 „
872 1318 2839 1384 10698 (7186) Ecclesiam SS. Petri et Ursi Augustensem (prov. Tarantasiensis) tuendam
925 1382 2839 1442 suscipit et eius possessiones ac privilegia confirmat. Hist. Patr. Mon. Chart. I. 822,
925 1431 1869 1501 Migne 200 p. 131. — „Religiosis votis“.
349 1457 532 1572 „ 27.
653 1495 748 1616 „
872 1479 2841 1559 10699 Letilino abbati Pontisariensi privilegium dat. Neues Archiv VII. 97. — „Reli-
923 1539 1281 1609 giosam vitam“.
349 1574 530 1671 „ 28.
651 1598 751 1731 „
872 1596 2843 1662 10700 (7187) Frederico praeposito et canonicis ecclesiae Placentinae concedit, ut pro
923 1643 2841 1713 ecclesia S. Iohannis de Viculo, ab Innocentio II. iis tributa, in posterum non dimi-
925 1709 2843 1768 diam auri unciam, sed duos tantum molachinos, quotannis sibi suisque successoribus
925 1760 2843 1830 persolvant. Campi Hist. di Piac. II. 358, Migne 200 p. 132. — „Eos, quos sacro-
925 1821 1122 1885 sancta“.
315 1804 536 1954 Mart 19.
656 1888 757 1938 „„
872 1859 2845 1930 10701 Monasterium S. Michaelis de Quiesa tuendum suscipit, eiusque possessiones et
925 1930 2839 1998 iura confirmat. Mem. e docum. Lucchesi V. I. 464 teste Pflugk-Harttung Iter p. 263,
927 1985 2227 2049 sed loco citato bulla non exstat. — „Religiosam vitam“.
355 2033 536 2111 „ 16.
658 2036 755 2131 „
874 2027 2843 2104 10702 (7188) Eberhardo, archiepiscopo Salzburgensi, mandat, cum „pro facto ecclesiae
925 2091 2841 2161 ab imperatore vocatus, in proximo debeat ad praesentiam illius accedere“, ut impe-
927 2142 2841 2212 ratoris animum sibi conciliet. „Quod si“ inquit „omnipotens Deus ei inspiraverit,
932 2201 2843 2261 quod ad sinum matris vellet ecclesiae redire, nihil temporale nobis contingere posset
930 2254 2843 2318 in seculo, quod acceptius et gratius haberemus“. Tengnagel Vet. mon. p. 425, Mansi
932 2312 2123 2378 XXI. 1038, Migne 200 p. 133. — „Anteacta vita“.
357 2347 539 2444 „ 16.
665 2356 746 2471 „
879 2356 2843 2433 10703 (7188a) Roberto abbati et universo capitulo S. Albani significat, se (Hilario)
927 2424 2845 2484 Cicestrensi et (Willelmo) Norwicensi episcopis mandasse, ut inter eos et (Robertum)
927 2477 2845 2535 episcopum Lincolniensem iudicium facerent. Matthaei Paris. Opp. app. p. 77, Gesta
927 2530 2845 2603 abb. S. Albani I. 144, Migne 200 p. 134. Cf. supra ep. 10647. — „Cum anno
925 2583 1195 2652 praeterito“.
360 2614 541 2718 „ 16.
667 2616 751 2714 „
879 2625 2847 2707 10704 Monasterii S. Fructuosi tutelam suscipit, bonaque et iura confirmat. Pflugk-
934 2698 1884 2760 Harttung Iter p. 264. — „Officii nostri“.
360 2727 539 2824 „ 19.
665 2749 748 2828 „
883 2753 2847 2820 10705 Monasterio S. Syri lanuensi iura quaedam concedit. Pflugk-Harttung Iter p. 264.
938 2800 1453 2864 — „Iustis petentium“.
364 2846 543 2932 „ 22.
658 2857 757 2941 „
879 2848 2847 2926 10706 (7189) Canonicorum ecclesiae Ianuensis bona et privilegia confirmat. Ughelli
932 2915 1345 2979 It. sacr. IV. 866.
357 2959 539 3051 „ 25.
653 2985 760 3038 „)
883 2959 2847 3029 10707 Syri, archiepiscopi lanuensis, eiusque successorum, dignitatem, ab Innocentio II.
932 3025 2847 3087 constitutam, confirmat, eique episcopatum Albigaunensem subiicit et legationem trans-
932 3080 2845 3151 marinam (octavo quoque anno obeundam), usumque equi cum nacco albo, crucis
934 3135 2847 3193 dominicae, pallii concedit, cet. („Dat. Ianuae VIII. kal. Apr., ind. X., inc. a. 1162.
932 3182 2845 3255 p. a. IV.“, cf. supra 10663.) Pflugk-Harttung Iter p. 264. — „Superna et ineffabilis“.
357 3180 536 3319 „ 25.
616 3186 788 3316 Lanua
881 3246 2847 3308 navi proficiscitur „VIII. kal. Aprilis“, Marangonis Chron. Pisan. 1162 I. I. „In dominica
936 3301 2452 3361 de passione“, Bosonis card. Vita Alexandri ap. Watterich II. 387.
351 3297 830 3420 „ 51.  in mautam
879 3356 2779 3422 de Liguris pervenit „in sabbato palmarum“. Bosonis card. Vita Alexandri p. 387.
329 3407 536 3484 Apr. 8.
585 3407 817 3471 in insula
879 3400 2845 3480 de Liguris „resurrectionem dominicam“ celebrat. Bosonis card. Vita Alexandri p. 387.
366 3445 841 3570 „ I1.  Nagalonam
881 3462 2452 3557 venit „sequente quarta feria“. Bosomis card. Nita Alexandri p. 387.
1102 152 2017 245 ALEXANDER III. 1159 — 1181
