3007 3975
702 295 2699 395 1162. (Ind. 10. — 25. Sept. — 11, pont. a. 3. — 20. Sept. — 4, 1161. — 25 Mart. — 1162.)
729 373 2708 454 „dominica die (post resurr. dom.) in personas Octaviani haeresiarchae ac Friderici, im-
185 355 700 454 Apr. 15. ap. Montem-
417 439 693 554 pessulanum
784 443 2706 507 peratoris dicti, eorumque complicum excommunicationis sententiam solemniter innovat“.
784 499 1648 558 Bosonis card. Vita Alexandri p. 388.
737 543 2708 616 10708 (7190) Ludovico, Francorum regi, significat, se Monte-pessulano a (Raimundo)
218 534 397 638 „ 20.
525 545 598 677 „
784 607 2706 669 comite S. Egidii et Willelmo de Montepessulano honorifice susceptum esse, et „Trin-
786 664 2708 722 cavillum (Raimundum vicecomitem Carcassonensem) et nobilem mulierem Herm(engar-
788 719 2708 775 dam) de Narbona atque plures alios illius regionis barones ad sese venisse“. Car-
786 764 2710 830 dinales quosdam ad eum legatos missum iri. Duchesne HI. Fr. SS. IV. 596, Bouquet
786 817 2472 896 Rec. XV. 774, Mansi XXI. 985, Migne 200 p. 135. — „Firma spes et“.
742 881 2713 942 10709 (7191) Syri archiepiscopi, canonicorum, consulum, universi cleri et populi Ianuensis
220 836 397 965 „ 25.
525 892 605 965 „
788 936 2708 995 erga se studia grate collaudat atque in posterum confirmat. (Annus 1159 est per-
793 991 2710 1053 peram adscriptus). Ughelli It. sacr. IV. 866, Semeria sec. crist. II. 561, Hist. Patr.
795 1048 2710 1117 Mon. Lib. iur. Gen. I. 205, Migne 200 p. 135: „VIIII. kal. Mad.“, (Pflugk-Harttung
790 1099 2010 1170 Iter p. 30: „VIII. kal. Mad.“). — „Quod non prius“.
740 1150 2710 1225 10710 (7192) Henrico, electo Remensi, per abbatem Grandis-silvae pallium mittit; eum-
223 1139 399 1238 „ 30.
523 1113 612 1238 „
793 1214 2713 1274 que hortatur, ut illud, quod abbas et nuncii eius coram mandaverint, apud Ludo-
795 1274 2710 1329 vicum, Francorum regem, efficiat. Martene Coll. II. 665, Bouquet Rec. XV. 777,
793 1327 1957 1391 Migne 200 p. 136. — „Quanto amplius effectum“.
742 1373 2713 1450 10711 (7193) (Hugonis), episcopi Suessionensis, erga se studium laudat. Nunciat, se
223 1353 399 1472 „ 380.
512 1384 614 1464 „
793 1433 2713 1492 Montempessulanum urbem nactum, nuncios ad Ludovicum regem „pro utilitate eccle-
790 1486 2713 1554 siae ac pace regni“ mittere voluisse B(ernardum), episcopum Portuensem, et I(acin-
788 1543 2713 1601 thum) diaconum cardinalem; sed cum ex O(ddone) S. Nicolai in carcere Tulliano
790 1603 2710 1662 diacono cardinali ad sese reduce „statum terrae illius plenius“ cognovisset, Henrico,
790 1656 2715 1713 archiepiscopo Remensi, et (Godefrido) Lingonensi ac (Amalrico) Silvanectensi episcopis
795 1704 2713 1766 legationem iniunxisse. Quos ut adiuvet apud regem, hortatur. Duchesne Hist. Fr.
788 1753 2713 1828 SS. IV. 594, Bouquet Rec. XV. 775, Mansi XXI. 982, Migne 200 p. 137. — „Sicut
790 1817 1064 1881 meminisse“.
740 1852 2713 1932 10712 (7194) Ludovico, Francorum regi, Henricum, archiepiscopum Remensem, et
220 1835 402 1972 „ 30.
514 1824 620 1989 „
793 1925 2715 1989 (Godefridum) Lingonensem ac (Amalricum) Silvanectensem episcopos, abbatemque
790 1978 2710 2042 Grandis-silvae commendat. Gratias agit, quod Raimundus, comes S. Aegidii, ipsi
793 2042 2713 2102 „magnifice occurrerit, et se ac terram suam exposuerit“. Duchesne Hist. Fr. SS.
793 2091 2713 2155 IV. 599, Bouquet Rec. XV. 776, Mansi XXI. 989, Migne 200 p. 138. — „Sicut
795 2155 1299 2206 meminisse possumus“.
740 2186 2710 2265 10713 (7195) (Adelam) reginam Francorum hortatur, ut Henricum, archiepiscopum
223 2166 404 2265 „ 30.
523 2155 625 2316 „
793 2250 2713 2318 Remensem, et Lingonensem et Silvanectensem episcopos atque abbatem Grandis-
793 2305 2713 2373 silvae, legatos suos, Ludovico regi commendet. Duchesne Hist. Fr. SS. IV. 597,
797 2371 2715 2438 Bouquet Rec. XV. 776, Mansi XXI. 985, Migne 200 p. 139. — „Vivit in sacro-
795 2426 989 2479 sancta“.
190 2455 408 2583 Nai. 2.
740 2462 2715 2541 10714 (7196) Monasterium Electense tuendum suscipit et eius bona ac iura, petente
519 2455 620 2583 „
793 2532 2715 2594 Bernardo abbate, confirmat, ea lege, ut monachi argenti libram tertio quoque anno
795 2579 2715 2661 persolvant. Gall. Chr. VI. Instr. p. 109, Migne 200 p. 140. — „Piae postulatio
795 2638 1064 2707 voluntatis“.
746 2683 2717 2758 10715 (7197) Monasterio Anianensi monasterium Liviniacense asserit, petente Raimundo
225 2676 413 2769 „ 5.
525 2674 620 2773 „
795 2758 2715 2817 abbate. Gall. Chr. VI. (in textu) p. 841, Migne 200 p. 142. — „Iustis postulantium
793 2806 1056 2870 desideriis“.
746 2859 2715 2923 10716 Monasterii Gimundensis possessiones confirmat, petente Bernardo abbate. (Frag-
227 2848 413 2937 „ 6.
530 2848 625 2945 „
795 2910 2034 2981 mentum.) In bibl. nat. Paris. ms. lat. 12752. f. 486.
746 2968 2715 3038 10717 (7198) Monasterii S. Mariae Salvanesiensis protectionem suscipit, possessionesque
229 2961 415 3049 „ 9.
517 2952 625 3089 „
799 3023 2713 3087 et iura confirmat, petente Pontio abbate. Coll. Doat. t. 151. f. 42 in bibl. nat.
799 3071 2713 3146 Paris., (Hist. de Languedoc II. Pr. p. 586, nov. ed. V. 1249, Migne 200 p. 143).
802 3138 1338 3206 — „Religiosam vitam“.
751 3191 2717 3255 10718 (Petro) Ruthenensi, (Guillelmo) Bitterrensi, Albiensi, (Gaucelino) Lutevensi episcopis
229 3186 413 3261 „ 13.
523 3193 631 3266 „
802 3250 2715 3310 praecipit, ne in ecclesiis suis monasterii Salvanesiensis conversos sine abbatis licentia
799 3308 2713 3361 admitti patiantur. In bibl. nat. Paris. Coll. Doat t. 150. f. 272. — „Eos, qui ad“.
744 3354 2713 3420 Concilium, in quo excommunicationis sententia in Octavianum et Fridericum promul-
234 3343 419 3429 „ 17.
510 3347 636 3573 „
799 3411 1736 3473 gata innovatur. Cf. epp. 10719. 10729.
742 3467 2710 3566 Statuunt: 1) ut „quicunque princeps saecularis ab ecclesiastico monitus iurisdictionem
967 147 1886 236 ALEXANDER III. 1159—1181.
2589 161 2706 249 157
