3007 3975
267 159 386 245 158
806 304 2728 397 1162. (Ind. 10. — 25. Sept. — 11, pont. a. 3. — 20. Sept. — 4, 1161. — 25. Mart. — 1162.)
890 382 2810 454 temporalem in hereticos aliosque non curaverit exercere, vinculo anathematis sit
894 452 2810 512 innodatus“; 2) ne quis monachus vel canonicus regularis aut alius religiosus ad secu-
894 505 2333 563 lares leges vel physicam legendas accedat. Mansi XXI. 1159.
841 558 2810 618 In eodem concilio de monasterii Vizeliacensis libertate tractatur. Vide Hngonis
890 602 2536 673 Pictav. Hist. Vizel. IV. ap. D'Achery Spicil. II. 537; cf. bullam 10720.
287 629 806 768 Mai. 17. ap. Moentem-
837 662 2805 744 10719 (7199) O(mnibono). episcopo Veronensi, significat, se „et fratres suos apud Mon-
523 735 793 834 pessulanum
890 735 2803 803 tempessulanum sanos et incolumes commorari et ab archiepiscopis et episcopis,
890 781 2805 850 regibus et principibus et universa occidentali ecclesia honorari“, atque una cum
892 848 2808 912 Senonensi, Turonensi, Aquensi et Narbonensi (a sese consecrato) archiepiscopis et
897 889 2810 962 Autissiodorensi, Macloviensi, Nivernensi, Morinensi, Magalonensi et Tolosano episcopis
897 951 2810 1022 „in die ascensionis dominicae“ (17. Maii) et Octavianum schismaticum et omnes eius
894 1004 2812 1068 complices excommunicasse. Henricum et Wilhelmum cardinales, apostolicae sedis
892 1068 2810 1130 legatos, cum Ebroicensi et Baiocensi episcopis, regis Francorum (lege: Anglorum)
892 1117 2810 1183 nunciis, et Bituricensem ac Remensem archiepiscopos a sese exspectari. Mandat,
890 1174 2810 1234 cogat archipresbyterum aliosque, ne excommunicatis Octaviani sociis auxilium ferant
892 1230 2810 1294 contra Brixiensem (episcopum) et T. comitem de Garba. Tengnagel Vet. mon. p. 434,
894 1278 2810 1360 Bouquet Rec. XV. 778, Mansi XXI. 1039, Migne 200 p. 144. — „Devotionem,
890 1336 1193 1406 quam circa“.
846 1373 2812 1455 10720 (7205) Monasterium Vizeliacense ab ecclesiae Cluniacensis potestate liberat, „con-
627 1360 709 1497 „
890 1450 2810 1510 siderans, quam manifeste Cluniacensis ecclesia tempore huius turbationis erraverit
890 1508 2810 1567 et quomodo a pristina religione et honeste corruens ab unitate ecclesiae se fecerit
890 1550 2810 1620 alienam“. D'Achery Spicil. II. 537, Mansi XXI. 1160, Migne 200 p. 153. — „Sacro-
892 1616 1471 1676 sancta Romana ecclesia“.
846 1660 2812 1740 10721 (7200) Monasterii S. Stephani Nivernensis protectionem suscipit, et possessiones
322 1647 503 1782 „ 22.
631 1700 709 1775 „
894 1742 2812 1797 iuraque confirmat, rogatu Bernardi prioris. Bullar. Cluniac. p. 69, Migne 200 p. 145.
892 1790 1672 1857 — „Religiosis desideriis dignum“.
846 1832 2812 1908 10722 (7201) Monasterii S. Arnulfi Crispeiensis protectionem suscipit, possessionesque
320 1821 501 1932 „ 22.
629 1857 707 1947 „
894 1894 2810 1965 ac privilegia confirmat, petente Theobaldo priore. Bullar. Cluniac. p. 70, Migne 200
892 1961 1882 2022 p. 147. — „Religiosam vitam eligentibus“.
843 1998 2812 2078 10723 Monasterii S. Mariani Altissiodorensis tutelam suscipit, bonaque et privilegia
322 1974 503 2102 „ 27.
627 2029 707 2108 „
892 2067 2810 2139 confirmat, petente Milone abbate. Quantin Cart. gén. de l'Tonne II. 136. — „Reli-
897 2124 1506 2190 giosam vitam eligentibus“.
843 2170 2812 2261 10724 (7202) Castri Scuriensis protectionem suscipit, bulla ad Amblardum et Bernar-
322 2168 503 2267 „ 29.
627 2199 713 2281 „
892 2239 2803 2312 dum dominos. Muratori Ant. It. I. 941, Migne 200 p. 150. — „Manifestum est“.
846 2287 2808 2369 10725 Monasterii b. Arnulfi martyris Crispeiensis tutelam suscipit bonaque et privilegia
322 2254 501 2376 „ 31.
627 2301 713 2382 „
897 2347 2803 2411 confirmat, petente Theobaldo priore. Autogr. mutilum d. 24. Iun. 1884 a bibl. nat.
897 2407 2803 2468 Paris. acquisitum est. Misit Delisle. (Nescio quae sit ratio inter hanc et bullam
897 2451 2803 2521 10722.) — („Religiosam vitam eligentibus apostolicum con)venit adesse presidium“.
846 2515 2805 2585 10726 (7203) Ecclesiae S. Eusebii monasterio SS. Laurentii et Hilarii subiectae asserit
287 2433 505 2605 Laa 1
618 2524 722 2608 „
899 2570 2805 2634 beneficia, ab Alano episcopo Autissiodorensi collata. Gall. Christ. XII. Instr. p. 125,
892 2621 2803 2687 Quantin Cart. gén. de ITonne II. 121, Migne 200 p. 151. — „Iustis petentium“.
846 2689 2808 2764 10727 (7204) Ludovico, Francorum regi, respondet, se causam (Henrici) episcopi Augu-
320 2685 503 2771 „ 4.
627 2683 720 2828 „
897 2747 2805 2815 stodunensis et abbatis Flaviniacensis „ad octavas S. Michaelis“ (6. Oct.) ampliasse,
897 2800 2805 2866 interimque ut castrum Flaviniacense in regis potestate esset, decrevisse. Stephanum,
897 2855 2805 2921 subdiaconum suum, mittit. Duchesne Hist. Fr. SS. IV. 598, Bouquet Rec. XV. 778,
897 2906 2350 2970 Mansi XXI. 987, Migne 200 p. 152. — „Litteras, quas nobis“.
846 2961 2810 3029 10728 Henrico, episcopo Arduensi (corr. Aeduensi, i. e. Augustodunensi) et abbati Fla-
315 2937 503 3040 „ 4.
627 2943 724 3047 „
901 3027 2428 3089 viniacensi eadem, ut videtur, scribit. Pflugk-Harttung Iter p. 264.
846 3080 2805 3162 10729 S(yro) archiepiscopo et universo clero ac populo lanuensi nuntiat, sese eorum
313 3069 503 3184 „ 7.
623 3071 729 3195 „
897 3144 2808 3202 cancellario ad pacem inter eos et (Raymundum) comitem S. Aegidii conciliandam
897 3195 2810 3257 misso consilium auxiliumque praebuisse; apud Montepessulanum sese honorifice recep-
899 3248 2808 3312 tum esse. De excommunicatione in Octavianum heresiarcham et Fridericum eorum-
899 3303 2808 3367 que fautores prolata eadem fere, quae supra ep. 10719, scribit. Petrum, fratrem
899 3361 2808 3422 (Ludovici) regis Francorum die 17. m. Mai., ac postea Bituricensem archiepiscopum
899 3416 2808 3473 et Claromontensem, Petragoricensem, Cadurcensem, Carnotensem et Nemausensem
899 3473 2805 3575 episcopos atque electum Oretensem, quem d. 20. Naii consecrarerit, a sese receptos
1075 152 1997 242 ALEXANDER III. 1159 —1181.
