3007 3975
678 302 2596 404 1162. (Ind. 10. — 25. Sept. — 11, pont. a. 3. — 20. Sept. — 4, 1161. — 25. Mart. — 1162.)
757 388 2680 452 esse, itemque Hen(ricum) et W(illelmum) cardinales cum episcopo Ebroicensi et aliis
757 446 2677 512 nuntiis regis Anglorum. Remensi archiepiscopo pallium missum esse. B(osonem),
757 503 2680 563 diaconum cardinalem SS. Cosmae et Damiani commendat. Pflugk-Harttung Acta
760 558 1544 622 II. 366. — „Sincera vestre fidei“.
704 607 2682 677 10730 Monasterium S. Roberti Casae-dei protegendum suscipit, ac eius possessiones
159 512 673 689 „ „ „ uaraa
760 669 2680 728 confirmat, statuitque, ne cui fratres excommunicare vel eorum domum interdicere
388 664 665 750 pessulanum
760 726 2680 783 liceat. (Bulla corrigenda est ex copia s. XVII, quam in bibl. nat. Paris. Chron.
757 775 2680 839 Casae-dei, ms. lat. 12818. f. 253 exhibet.) Mém. de L'acad. de Clermont -Ferrand
764 828 2682 901 XIX. 102, Mon. pont. Arverniae p. 250. — „Cum omnibus catholicae“ „Cum omni-
757 889 1098 954 bus ecclesiae“.
711 938 2680 1002 10731 (7490) *G. de Bouchens praecipit, ut quam invaserit, monasterii S. Bertini
190 894 371 1022 „ 25.
501 954 578 1009 „
757 995 2677 1062 Sithiensis terram monachis restituat. Vide Iohannis Longi chron. in MG. SS. XXV. 812.
711 1053 2680 1124 10732 *Monasterii Vallis-magnae tutelam suscipit, possessionesque confirmat, petente
192 1048 373 1126 „ 26.
499 1060 581 1139 „
762 1099 2249 1168 Ermengaudo abbate. In bibl. nat. Paris. ms. lat. 12760. f. 438.
713 1163 2680 1223 10733 Ecclesiae S. Iuniani Lemovicensis patrocinium suscipit, bonaque et iura con-
156 1161 364 1241 Mai.-Iul.
426 1168 592 1236 „ „
760 1219 2682 1287 firmat, petente Hugone praeposito. (Pro „in Idus . . .“ lege: „III. Idus . “) In
766 1269 2461 1336 bibl. nat. Paris. ms. lat. 12764. f. 421. — „Effectum iusta postulantibus“.
713 1320 2680 1395 10734 (7206) Guillelmi de Montepessulano et eius bonorum protectionem suscipit, eique
154 1300 375 1411 Lul. 1.
492 1302 587 1404 „
762 1384 2680 1444 concedit, „ut nulli omnino liceat, nisi Romano pontifici, vel ei, cui specialiter man-
760 1439 2680 1499 daverit, aut cardinali ab eius latere delegato, personam eius excommunicationis vin-
760 1495 2680 1552 culo innodare“. De una capella a progenitoribus b. Petro oblata unus aureus an-
762 1539 2680 1612 nuatim Lateranensi palatio solvatur, statuit. (Perperam additum est: „pontificatus
762 1609 2680 1673 nostri anno IV.“) Gariel Ser. I. 211, Bouquet Rec. XV. 779, Migne 200 p. 154.
764 1651 1533 1726 — „Considerantes et diligentius“.
713 1700 2682 1775 10735 (Petro) Rutenensi, Albiensi, (Gaucelino) Lutevensi et (Guillelmo) Bitterrensi
185 1649 371 1788 „ „
494 1638 587 1837 „
760 1768 2680 1835 episcopis mandat, curent, ut si in causis civilibus iuramentum a fratribus Salvanien-
760 1826 2680 1885 sibus exigitur, adversarii iuramento yconomi eorum contenti sint. In bibl. nat. Paris.
757 1877 1913 1945 Coll. Doat t. 150. f. 274. — „Dilecti filii nostri“.
715 1925 2682 1996 10736 (7207) Monasterium de Curia-dei tuendum suscipit, et eius possessionas ac iura
192 1908 371 2002 „ 6.
501 1905 583 2007 „
762 1987 2680 2053 confirmat, petente Lothario abbate. Gall. Chr. VIII. Instr. p. 514, Migne 200 p. 155.
768 2049 1305 2111 — „Religiosam vitam“.
713 2097 2680 2166 10737 Deusdedit, priori S. Amantii Ruthenensi, significat, se ecclesiam Boadenensem,
194 2100 371 2175 „ 6.
499 2095 585 2173 „
760 2155 2682 2214 a fratribus Massiliensibus vindicatam, P(etro) episcopo Rutenensi eiusque canonicis
762 2212 2377 2270 adiudicasse. Coll. de Cartulaires IX. 244. — „Quotiens controversie“.
715 2265 2684 2325 10738 Monasterii S. Germani de Pratis Parisiensis protectionem suscipit, possessiones-
192 2270 375 2334 „ 7.
492 2265 585 2396 „
764 2323 2680 2387 que ac privilegia confirmat, petente Theobaldo abbate. Autogr. in tab. nat. Paris.
762 2376 1902 2433 L. 230. n. 15. — „Effectum iusta postulantibus“.
715 2429 2682 2493 10739 (7208) Ecclesiae S. Stephani Tolosani protectionem suscipit, canonicorumque
194 2426 373 2528 „ 8.
494 2380 585 2499 „
764 2484 2680 2552 possessiones ac privilegia confirmat, petente Bernardo praeposito. Hist. de Languedoc
764 2544 2680 2605 II. Pr. p. 586, nov. ed. V. 1249, Migne 200 p. 156. — „Sicut iniusta poscentibus“.
713 2594 2680 2654 10740 (7209) Ad Ludovici, Francorum regis, litteras, per T(eobaldum) abbatem S. Ger-
196 2579 373 2669 „ 10.
486 2599 587 2672 „
762 2650 2680 2714 mani et B. Glege: Carducum, cf. Reuter I. 520) clericum missas, respondet. Duos
762 2700 2677 2764 ex fratribus suis legatos venturos ad eum commendat. Duchesne Hist. Fr. SS. IV. 599,
764 2760 2682 2820 Bouquet Rec. XV. 780, Mansi XXI. 988, Migne 200 p. 158. (Bernardum ep. Por-
764 2813 2677 2877 tuensem et lacinthum diaconum legatos papae fuisse, patet ex Hugonis Pictav. Hist.
766 2870 2680 2930 Vizel. ap. D'Achery Spicil. II. 539, in MG. SS. XXVI. 146). — „Quam promptae
760 2921 1036 2987 devotionis“.
713 2974 2682 3038 10741 (7210) Ecclesiae S. Aniani Aurelianensis protectionem suscipit, possessionesque
198 2926 373 3051 „ 12.
499 2921 594 3056 „
766 3036 2682 3093 et privilegia confirmat, petente Petro decano. Humbert Antiqu. de Saint-Aignan
764 3091 2441 3146 d'Orléans Pr. p. 116, Migne 200 p. 159. — „Cum omnium ecclesiarum“.
718 3140 2682 3202 10742 (7211) Rogero, archiepiscopo Eboracensi, „crucem ante se deferendi, regem quo-
201 3140 382 3219 „ 13.
497 3140 600 3230 „
768 3202 2680 3255 que coronandi liberam concedit facultatem“. Epist. S. Thomae ed. Lupus p. 24, ed.
764 3246 2677 3319 Giles II. 43, Migne 200 p. 161; cf. Reuter I. 549. — „Quanto personam tuam“
768 3310 1232 3367 „Decet prudentiam“.
718 3352 2684 3420 10743 (7212) Hugoni, episcopo Suessionensi, magistrum P(etrum), ecclesiae b. Aniani
198 3347 382 3495 „14.
486 3374 600 3511 „
768 3418 2680 3478 (Aurelianensis) decanum, nuncium eius, commendat. Duchesne Hist. Fr. SS. IV. 593,
771 3471 2677 3568 Bouquet Rec. XV. 781. (Nansi XXI.981, Migne 200 p. 161). — „Veniens ad nos dilectus“.
943 147 1871 251 ALEXANDER III. 1159—1181.
2556 163 2680 251 159
