3007 3975
278 187 402 278 160
826 329 2741 426 1162. (Ind. 10. — 25. Sept. — 11, pont. a. 3. — 20. Sept. — 4, 1161. — 25. Mart. — 1162.)
291 393 819 494 Iul. 14. ap. Montem-
852 408 2828 488 10744 (7213) Henrico, archiepiscopo Remensi, magistrum P(etrum) ecclesiac b. Aniani
539 479 815 545 pessulanum
903 477 2823 534 (Aurelianensis) decanum commendat. Martene Coll. II. 717, Migne 200 p. 162.
908 521 1604 585 — „Veniens ad nos dilectus“.
331 576 512 658 „ 14.
640 598 724 675 „
855 571 2825 651 10745 (7214) Ludovico, Francorum regi, significat, se (Manassi) episcopo Aurelianensi
908 640 2825 700 per litteras praecepisse, ut aut Letoldo (cf. infra ep. 10783), M. capellano, et Adamo
910 695 2825 757 canonicis ablata redderet, aut „proximo festo S. Lucae“ (18. Oct.) ad sese adiret vel
908 746 2825 814 responsalem mitteret. Duchesne Hist. Fr. SS. IV. 600, Bouquet Rec. XV. 781, Mansi
908 799 2163 870 XXI. 990, Migne 200 p. 162. — „Quam acerbae et“.
331 854 517 951 „ 14.
634 848 737 945 „
859 845 2828 918 10746 Compositionem inter lohannem episcopum et Bernardum praepositum Magalo-
910 914 2828 976 nenses „super rebus ad communitatem pertinentibus“ factam confirmat. Mém. de la
910 971 2185 1026 soc. de Montpellier V. 5 18. — „Ea, que compositione“.
331 1015 512 1104 „ 15.
859 1013 2828 1088 10747 (7215) (Pontio) archiepiscopo Narbonensi, capitulo Arelatensis ecclesiae, et uni-
912 1082 2828 1137 versis utriusque ecclesiae suffraganeis, et (Raimundo) Vivariensi, (Aldeberto) Mima-
912 1135 2828 1192 tensi, (Petro) Aniciensi, et (Hugoni) Rutenensi episcopis mandat, ut Guillelmum de
910 1181 2828 1254 Montepessulano et eius bona hominesque et mercatores Montispessulani tueantur.
910 1247 2825 1305 (Aliena manus addidit: „pontif. nostri a. IV.“) Gariel Ser. I. 212, Bouquet Rec.
910 1289 2317 1364 XV. 782, Migne 200 p. 163. — „Piae postulatio voluntatis“.
338 1322 517 1431 „ 16.
627 1351 729 1435 „
861 1349 2825 1413 10748 Bernardo, praeposito Magalonensi, asserit „integram administrationem rerum
910 1411 2825 1470 communitatis ecclesiae memoratae interius et exterius“ iuxta compositionem cum
908 1457 2823 1525 lohanne, eiusdem civitatis antistite, factam. Mem. de la soc. de Montpellier V. 520.
912 1508 1654 1583 — „Iustis petentium desideriis“.
338 1563 388 1658 „
552 1523 804 1643 Monteper
855 1565 2825 1647 proficiscitur „mense lunii“ (leg. „Iulio“). Bosonis card. Vita Alexandri ap. Watterich
587 1634 760 1696 sulano
908 1616 1106 1682 II. 389.
329 1682 399 1804 „
589 1680 779 1749 Alestae
866 1669 2825 1742 Vide Bosonis card. Vita Alexandri p. 389: „per Alestam“, pro quo „Alesiam“ legendum
908 1735 2825 1797 esse, putant Watterich I. I., Reuter I. 207. n. 6 et II. 185. n. 8, Prutz I. 306. Quae
905 1788 2825 1855 correctio haud necessaria videtur, cum „villa Alestensis“ in territorio Nemausensi
908 1839 2825 1916 sita memoretur in Loewenfeld Epistolae p. 79, et in loco „Alesti“ Gelasii bulla 6665
910 1901 2204 1958 ac „ap. Alestam“ Alex. III. ep. d. 5. Iul. 1165 data sit.
333 1927 514 2036 „ 23.
572 1930 790 2089 maatee
861 1945 2825 2020 10749 (7216) Henrico, archiepiscopo Remensi, (Milonem), episcopum Morinensem,
910 2014 2828 2075 qui „primus inter occidentales episcopos ad praesentiam suam accesserit et munus
910 2071 2828 2131 consecrationis de manibus suis acceperit“ commendat. Monet, ut Sebrandum clericum,
912 2124 2828 2186 excommunicatum ab eodem episcopo, vitari iubeat. Martene Coll. II. 712, Bouquet
912 2173 2772 2234 Rec. XV. 782, Migne 200 p. 164. — „Dum universis Dei“ „Cum universis Dei“.
335 2219 519 2316 „ 24.
638 2228 726 2303 „
863 2228 2825 2294 10750 (7217) H(ugoni), episcopo Suessionensi, mandat, ut Ludovici, Francorum regis,
908 2283 2825 2349 erga se voluntatem confirmet. „Specialiter autem super eo“ inquit „quod disposuit,
910 2343 2828 2400 cum Frederico, dicto imperatore, se colloquium habiturum, eum diligentius ammonere
912 2391 2825 2462 non differas, ut, quia credimus et timemus, colloquium illud tam ecclesiae Dei ac
912 2451 2823 2513 nobis ipsis, quam etiam eidem regi ac regno suo multipliciter fieri posse damnosum,
914 2510 2828 2568 ab eo abstineat ac tale penitus propositum derelinquat“. Duchesne Hist. Fr. SS.
912 2550 2828 2621 IV. 595, Bouquet Rec. XV. 782, Mansi XXI. 983, Migne 200 p. 164. — „Fidei ac
910 2616 1186 2669 devotionis“.
338 2625 521 2740 „ 25.
645 2672 720 2753 „
863 2656 2830 2731 10751 Monasterii Bonaevallensis protectionem suscipit, possessionesque et privilegia
912 2720 2825 2784 confirmat, petente Ademaro abbate. In bibl. nat. Paris. Coll. Doat t. 140. f. 16. —
914 2775 1634 2839 „Religiosam vitam eligentibus“.
309 2824 521 2915 Aug. 1.
572 2826 788 2910 Brivatae
861 2831 2830 2897 10752 (7218) Henricum, archiepiscopum Remensem, hortatur, ut una cum Ludovico,
914 2886 2830 2948 Francorum rege, Clarum-montem ad sese accedat, ubi de ecclesia Catalaunensi con-
916 2941 2828 3005 stituatur. Monet, „ut ad disturbationem ipsius colloquii, quod cum Frederico, dicto
914 2996 2830 3060 imperatore, idem rex se proposuerit habiturum, omnibus modis intendat, et quod
914 3049 2830 3124 nulla ratione huiusmodi propositum habeat complementum, quibuscumque modis
914 3104 2828 3182 potuerit, efficiat et laboret“. Martene Coll. II. 671, Bouquet Rec. XV. 783, Migne
916 3166 1939 3224 200 p. 165. — „Illius fervorem devotionis“.
364 3221 375 3297 „
603 3197 771 3281 Anicii
868 3215 1849 3272 Vide Bosonis card. Vita Alexandri p. 389.
340 3237 828 3352 „ 13. ap. Clarum-
859 3252 2830 3332 10753 (7219) Monasterii Populetensis protectionem suscipit, possessionesque ac privi-
583 3336 788 3400 montem
914 3319 2830 3389 legia confirmat, petente Stephano abbate. Finestres Hist. de Poblet II. 424. — „Apo-
914 3383 1517 3440 stolicae sedis auctoritate“.
342 3427 523 3570 „ 14.
583 3427 795 3500 Clarum-
861 3418 2830 3517 pervenisse „in vigilia assumptionis b. Mariae“ dicitur ap. Bosonem card. Vita Alexandri
585 3493 786 3584 monter
919 3493 1944 3592 p. 389; sed cf. cam, quae praecedit, bullam.
1087 176 2012 267 ALEXANDER III. 1159—1181.
