3007 3975
313 167 433 253 162
852 306 2770 397 1162. (Ind. 10. — 25. Sept. — 11, pont. a. 3. — 20. Sept. — 4. 1161. — 25. Mart. — 17162.)
324 373 547 468 Oct. 14.
623 388 795 479 Turoni
888 386 2852 457 10765 Ecclesiae S. Mariae Mediolanensis possessiones ac iura confirmat, Milone archi-
936 443 2843 516 presbytero et Galdino archidiacono petentibus. Pflugk-Harttung Iter p. 265. —
938 510 1374 567 „Iustis petentium“.
362 552 545 638 „ 17.
667 578 755 640 „
885 552 2858 622 10766 Maioris-monasterii protectionem suscipit possessionesque confirmat, petente Ro-
934 616 2852 684 berto abbate. In bibl. nat. Paris. ms. lat. 12879. (Martene Hist. de Marmoutiers)
936 677 1714 728 f. 148. — „Quoniam sine verae“.
362 711 547 799 „ 22.
662 722 753 810 „
888 724 2852 788 10767 (7229) Monasterii S. Mariae Fontanensis patrocinium suscipit, possessionesque et
936 788 2850 850 privilegia confirmat, petente Theobaldo abbate. Salmon Chron. de Touraine p. 279,
934 828 2299 905 (D'Achery Spic. II. 578). — „Religiosis desideriis dignum“.
360 865 541 962 „ 23.
662 892 762 982 „
888 889 2852 954 10768 Philippo decano et capitulo b. Iuliani Cenomanensi ecclesiam de Herneia a
932 949 2852 1004 Guilelmo episcopo concessam asserit. Chartul. eccl. Cenom. in Institut des provinces
934 993 2317 1057 de France 2 sér. II. p. 71. — „Iustis petentium desideriis“.
357 1042 543 1132 „ 25.
658 1071 755 1135 „
883 1051 2852 1115 10769 Monasterii S. Willelmi Gellonensis tutelam suscipit, possessionesque et privilegia
932 1110 2841 1174 confirmat, petente Ricardo abbate. In bibl. nat. Paris. ms. lat. 12778. f. 259“. —
934 1161 1374 1225 „Quotiens illud a“.
355 1210 539 1298 „ 26.
660 1245 764 1302 „
883 1207 2852 1283 10770 (7230) Henricum, archiepiscopum Remensem, hortatur, ut quae per Fusniacensem
932 1276 2850 1336 et de Eleemosyna abbates ab eo petierit, faciat. Commendat „O(ddonem), filium
934 1336 2850 1397 nobilis viri C(encii) Fraiapanis, de regno Teutonico revocatum“. Martene Coll. II. 677,
932 1384 2547 1444 Bouquet Rec. XV. 786, Migne 200 p. 178. — „Quanto in devotione“.
355 1402 536 1512 „ 29.
662 1448 753 1561 „
883 1435 2852 1501 10771 (7231) Excommunicationem ab Udalrico, episcopo Halberstadensi, in praepositum
934 1495 2847 1556 Rodensem sociosque, bonorum ecclesiae Kaltenbornensis invasores, prolatam confirmat.
930 1550 2850 1616 Schöttgen et Kreysig Diplomat. II. 698, Schmidt Urk. d. Hochst. Halb. I. 227, Migne
934 1607 1866 1662 200 p. 178. — „Ecclesiastica sententia“.
320 1654 541 1786 Nor. 1.
658 1649 748 1746 „
883 1656 2847 1722 10772 (7232) Henricum, archiepiscopum Remensem, hortatur, ut B(ernardum). epi-
936 1722 2847 1775 scopum Portuensem, suum ad Ludovicum regem legatum, adiuvet. Martene Coll.
932 1773 2847 1835 II. 678, Bouquet Rec. XV. 786, Migne 200 p. 179. — „Venerabilem fratrem
932 1824 1219 1883 nostrum B.“
346 1874 536 1952 „ 2.
660 1879 746 1952 „
881 1866 2850 1943 10773 (7233) Ludovico, Francorum regi, B(ernardum), episcopum Portuensem, nuncium
930 1927 2847 2000 suum, commendat. Duchesne Hist. Fr. SS. IV. 621, Bouquet Rec. XV. 786, Mansi
932 1985 2282 2049 XXI. 1016, Migne 200 p. 179. — „Exuberans circa nos“.
344 2027 532 2115 „ 4.
660 2049 744 2131 „
881 2042 2850 2106 10774 Bernardi, Magalonensis ecclesiae praepositi, bona tuenda suscipit et eius com-
930 2102 2847 2168 positionem cum I(ohanne) episcopo Magalonensi factam confirmat. Mém. de la soc.
930 2148 2266 2221 de Montpellier V. 520. — „Sacrosancta Romana ecclesia“.
346 2201 536 2292 „ 4.
656 2137 748 2296 „
883 2203 2850 2270 10775 Archidiaconum et capitulum Magalonense hortatur, ut B(ernardum) ecclesiae
932 2263 2847 2329 praepositum, in rebus communitatis administrandis adiuvent neve (Iohanni) episcopo
932 2318 2847 2385 Magalonensi, si impedire eum voluerit, obediant. Mém. de la soc. de Montpellier
934 2369 1610 2444 V. 521. — „Super hiis que“.
349 2398 539 2504 „ 5.
658 2433 748 2502 „
881 2415 2847 2488 10776 (7234) Monasterii Compendiensis tutelam suscipit, ac disciplinam possessiones
930 2473 2847 2550 privilegia confirmat, petente Ansoldo abbate. In bibl. nat. Paris. Chartul. S. Cornel.
927 2532 2845 2599 Compend. ms. lat. 9171. f. 15, Coll. Moreau t. 71. f. 108, GGall. Chr. X. Instr.
927 2585 2845 2661 p. 125, Migne 200 p. 180: „Non. Nov.“; Revue des soc. sav. des départ. VI. sér.
930 2645 2034 2716 IV. 461: „Non. Dec.“). — „Potestatem ligandi“.
349 2643 536 2778 „ 5.
656 2703 746 2817 „
881 2687 2847 2771 10777 (7235) Ludovico, Francorum regi, monasterium Compendiense commendat.
930 2751 2845 2824 Duchesne Hist. Fr. SS. IV. 628, Bouquet Rec. XV. 787, Mansi XXI. 1027, Migne 200
927 2809 1749 2881 p. 181. — „Quod tam fiducialiter“.
344 2859 532 2954 „ 7.
662 2862 742 2959 „
879 2859 2845 2934 10778 Ansoldi abbatis Compendiensis altaria ac decimas quasdam confirmat. In bibl.
925 2915 2847 2983 nat. Paris. Coll. Moreau t. 71. f. 195, in tabularii nat. Paris. Cartul. Compend. s. XIII.
925 2965 2145 3034 LL. 1622. f. 136. — „Iustis religiosorum desideriis“.
355 3025 534 3113 „ 7.
662 3021 742 3111 „
879 3025 2847 3096 10779 Monasterio Compendiensi possessiones quasdam asserit. In bibl. nat. Paris. I. c.
925 3078 2620 3144 f. 193, in tabul. nat. Paris. I. c. f. 59“. — „Quotiens aliqua ecclesiarnm“.
349 3118 534 3224 „ 9.
662 3133 742 3221 „
877 3133 2843 3204 10780 Radulpho abbati et fratribus Montis S. Eligii privilegium dat. Neues Archiv
934 3191 1626 3255 VII. 97. — „Cum quidam e“.
344 3244 534 3330 „ 9.
653 3246 746 3352 „
879 3246 2843 3310 10781 Monasterii Savigneiensis tutelam suscipit possessionesque et iura confirmat,
930 3294 2843 3374 petente Willelmo abbate. Cart. de Savigny s. XIII. f. 161 in Arch. dép. de la
925 3361 2034 3416 Manche in St.-L0. — „Religiosis votis annuere“.
351 3414 536 3517 „ 16.
642 3345 744 3517 „
877 3407 2845 3478 10782 (7236) *Parthenonis S. Mariae in silva Nidi-merli protectionem suscipit et posses-
925 3464 2841 3566 siones confirmat, bulla ad Nivam abbatissam. Morice Mém. p. s. à Thist. de Bret. I. 598.
1122 156 2041 256 ALEXANDER III. 1159—1181.
