3007 3975
658 300 2578 386 1162. (Ind. 10. — 25. Sept. — 11, pont. a. 3. — 20. Sept. — 4, 1161. — 25. Mart. — 1162.)
687 373 2657 446 10783 (7237) Henrico, archiepiscopo Remensi, mandat, hortetur canonicos Leodienses,
134 366 353 470 Nov. 16.
421 362 600 472 Turoni
740 439 2660 501 ut reditum praebendae S. Lamberti Letoldo, praeposito Aurelianensi, restituant.
740 490 2439 560 Martene Coll. II. 679, Migne 200 p. 182. — „Constitutus in apostolicae“.
691 547 2660 622 10784 Rogero abbati et fratribus S. Mariae Driburgensibus asserit ecclesiam S. Cuth-
170 538 351 629 „ 23.
472 538 561 669 „
740 611 2660 682 berti de Childinchirch aliaque. Privilegia quaedam addit. Liber S. Mariae de Drib.
740 671 1670 733 p. 204. — „Iustis petentium desideriis“.
691 713 2660 788 10785 Rainerio abbati Albaeripensi bullam dat. Neues Archiv VII. 97. — „Religiosam
167 706 346 795 „ 26.
475 715 563 814 „
737 781 921 841 vitam“.
687 817 2660 896 10786 Capitulo Rotomagensi asserit medietatem manerii de Kyllon, ab H(enrico) Anglo-
170 808 349 909 „ 27.
463 806 565 938 „
740 889 2657 947 rum rege in elemosynam concessam. In bibl. nat. Paris. Chartul. Rotomag. ms. lat.
737 936 2328 1000 nouv. acquis. 1363. s. XIX. f. 268“. — „Iustis petentium desideriis“.
687 998 2657 1060 10787 Ab Hu(gone) archiepiscopo et capitulo Rotomagensi factam „super reditibus de
170 989 349 1073 „ 28.
468 987 570 1104 „
737 1055 2657 1126 Anglia et oblationibus pentecostes“ constitutionem confirmat. Pflugk-Harttung Acta
737 1099 1436 1172 I. 231. — „Iustis petentium“.
689 1161 2660 1238 10788 (7238) Henrico, archiepiscopo Remensi, respondet, se (Godescalco) episcopo Atre-
167 1148 344 1265 „ 28.
461 1148 567 1274 „
740 1234 2655 1296 batensi scripsisse, „ut quoniam infirmitate gravatus ad propriam administrationem
737 1278 2655 1344 noscatur insufficiens, animae suae consulere et ecclesiae studeat commodius providere“.
737 1338 2655 1404 De „honesta visitatione devotionis eius“ agit gratias. Monet, ut „rumores Teutonicos
737 1389 2657 1461 sollerter inquirens, eos sibi saepius studeat declarare“. Martene Coll. II. 679, Bouquet
735 1442 2244 1517 Rec. XV. 787, Migne 200 p. 182. — „Dilectum filium nostrum“.
132 1486 346 1598 Dec. 8.
684 1495 2655 1567 10789 (7239) Ludovico, Francorum regi, significat, se, quos misisset, Barbadorum eius-
466 1499 558 1598 „
735 1559 2655 1634 que comitem militem benigne recepisse, iisque, ut antea iam Mauricio, episcopo Pari-
737 1623 2653 1678 siensi, mandasse, ut de celebrando concilio ad eum referrent. Duchesne Hist. Fr.
733 1660 2653 1742 SS. IV. 621, Bouquet Rec. XV. 787, Mansi XXI. 1017, Migne 200 p. 183. — „Di-
735 1731 1215 1784 lectos filios nostros“.
687 1773 2653 1850 10790 Capitulo ecclesiae SS. Gervasii et Protasii asserit altare S. Petri de Aila, a
161 1744 344 1888 „ 8.
459 1757 563 1883 „
735 1846 2651 1912 Lisiardo, olim praeposito eorum, postmodum episcopo concessum. Autogr. in bibl.
735 1910 2072 1961 nat. Paris. ms. lat. 9209. — „Iustis petentium desideriis“.
684 1956 2653 2016 10791 Monasterii S. Nicolai de Blancalanda tutelam suscipit, possessionesque et privi-
167 1923 346 2047 „ 10.
466 1967 561 2067 „
735 2018 2651 2080 legia confirmat, petente Ranulfo abbate. In bibl. nat. Paris. Coll. Baluze t. 58. f. 210.
737 2075 1257 2135 — „Quotiens illud a“.
687 2117 2651 2186 10792 (7240) Henrico, archiepiscopo Remensi, mandat, ut excommunicationis sententiam,
165 2093 344 2208 „ 10.
455 2126 556 2212 „
731 2173 2653 2239 a (Milone), episcopo Morinensi, prolatam in M(atthaeum) filium comitis Flandrensis
733 2232 2651 2294 et canonicos quosdam seculares, observari iubeat. Martene Coll. II. 680, Bouquet
737 2281 2308 2356 Rec. XV. 788, Migne 200 p. 184. — „Dum interna consideratione“.
170 2343 351 2444 „ 18.
684 2354 2653 2420 10793 (7241) Henrico, archiepiscopo Remensi, mandat, hortetur (Theodericum) comitem
461 2360 563 2457 „
735 2409 2653 2471 Flandrensem, ut M(atthaeum), filium suum, qui et „monialem Deo dicatam et in
733 2466 2653 2526 abbatissam benedictam illicite sibi copulavit“, et duobus abbatibus ac fratribus eorum
735 2513 2651 2585 de Bolonia expulsis alios substituerit, ad eiiciendos invasores cogat. Martene Coll.
733 2581 2527 2632 II. 681, Bouquet Rec. XV. 788, Migne 200 p. 184. — „Plena et manifesta“.
687 2632 2653 2694 10794 (7242) Henrico, archiepiscopo Remensi, mandat, hortetur praepositum, decanum
167 2608 349 2711 „ 20.
463 2605 561 2720 „
733 2689 2653 2744 et universum capitulum ecclesiae Caslatensis, ut W. puero pro praebenda abiudicata
737 2733 2653 2813 „aliquam recompensationem“ concedant. Martene Coll. II. 682, Migne 200 p. 185.
740 2789 1411 2866 — „Latoris praesentium W.“
172 2839 346 2928 „ 20.
684 2846 2649 2926 10795 (7243) Henrico, archiepiscopo Remensi, scribit, Ludovicum, Francorum regem,
461 2875 563 2992 „
737 2915 2646 2979 „pro illo Aurelianensi episcopo instanter apud se intercessisse“; qua de re quid ei
737 2974 2651 3029 videatur, quaerit. Hortatur, ut post festum natalis Domini ad sese accedat. Martene
731 3018 2649 3093 Coll. II. 682, Bouquet Rec. XV. 789, Migne 200 p. 186. — „Corporali quondam“.
684 3071 2651 3140 10796 (7244) Ludovicum, Francorum regem, rogat, ut P. militi Hierosolymam pro-
167 3058 351 3142 „ 23.
466 3067 565 3164 „
735 3140 2651 3197 fecturo possessiones, invita ipsius uxore adultera, vendendi vel oppignerandi licentiam
737 3193 2646 3259 concedat. Duchesne Hist. Fr. SS. IV. 606, Bouquet Rec. XV. 789, Mansi XXI. 996,
737 3239 1707 3301 Migne 200 p. 186. — „HIllos tuam decet“.
687 3294 2651 3363 10797 (7245) Henrico, archiepiscopo Remensi, nunciat, „burgenses illos haereticos a
167 3277 349 3361 „ 23.
470 3294 552 3372 „
737 3358 2651 3418 sese dure satis receptos esse“. Martene Coll. II. 683, Bouquet Rec. XV. 790, Migne
733 3407 1517 3475 200 p. 187. — „Burgenses illos“.
680 3453 2649 3579 10798 Domus hospitalis Castridunensis posressiones et prisilegia confrmat, bulla lul.
455 3405 567 3588 („)
170 3456 236 3597 „
2277 3524 2379 3619 21*
923 141 1853 238 ALEXANDER III. 1159—1181.
2540 145 2664 247 163
