3007 3975
673 300 2229 382 1163. (Ind. 11, pont. a. 4. — 20. Sept. — 5, 1162. — 25. Mart. — 1163.)
150 362 364 452 lan. 22.
439 348 614 452 Turoni
707 377 2675 446 10813 (7252) Abbatem de Castro-Landonis hortatur, ut „annualia, quae abbas et fratres
751 428 2675 501 S. Victoris Parisiensis in ecclesia S. Salvatoris iam ex longo tempore canonice pos-
755 494 2671 549 sidere noscantur, quiete eos permittat possidere, donec cum iis super his componat“.
757 547 2673 605 Martene Coll. VI. 232, Bouquet Rec. XV. 793, Migne 200 p. 194, (Duchesne H.
753 591 2209 660 Fr. SS. IV. 751, Mansi XXI. 1033). — „Iniuncti nobis officii“.
183 644 364 733 „ 22.
486 658 572 724 „
707 653 2675 717 10814 Ecclesiae de Plesseio (vel Campo Osberti) protectionem suscipit possessionesque
753 708 2675 775 confirmat, petente Nicolao priore. Cart. de L'abb. du Plessis-Grimould s. XV ex.
751 761 2251 834 f. 5“ in Arch. dép. du Calvados in Caen. — „Quotiens a nobis“.
121 803 364 898 c. Febr. 6.
421 757 629 894 pariio-
700 812 2675 883 pervenit. Bosonis card. Vita Alexandri ap. Watterich II. 393: „adveniente autem
751 878 2675 947 Septuagesima (leg. quadragesima) colloquium habiturus ad Parisiensem civitatem
748 934 976 995 accessit“.
181 984 362 1071 „ 6.
421 978 620 1090 Parisiis.
704 982 2677 1046 10815 Monasterii S. Mariae Eberbacensis patrocinium suscipit, bonaque et iura con-
751 1037 2675 1106 firmat, petente Eberhardo abbate. Rossel Urkundenb. von Eberbach I. 43. — „Sicut
753 1101 1201 1154 iniusta petentibus“.
178 1132 362 1232 „ 9.
483 1157 576 1245 „
704 1141 2677 1214 10816 Monasterii Bonifontis tutelam suscipit ac possessiones confirmat, petente Theo-
751 1199 2675 1280 derico abbate. In bibl. nat. Paris. Coll. Moreau t. 72. f. 147. — „Quotiens illud
751 1267 974 1320 a nobis“.
181 1305 362 1386 „ 10.
481 1307 581 1426 „
707 1311 2677 1378 10817 (7253) G(uidoni), electo Catalaunensi, mandat, cogat Gaufridum de Ionvilla, ut
757 1378 2675 1439 villam de Curcellis ecclesiae S. Remigii Remensi restituat. Martene Coll. II. 685,
753 1424 2311 1495 Bouquet Rec. XV. 793, Migne 200 p. 195. — „Dilecti filii nostri“.
178 1470 364 1563 „ 11.
481 1481 581 1605 „
707 1479 2675 1543 10818 (7254) Henrico, archiepiscopo Remensi, mandat, Witterum de Sarnai et comitem
755 1543 2675 1605 de Grandi-prato compellat, ut ablata fratribus S. Remigii reddant. Martene Coll.
751 1590 2509 1651 II. 686, Bouquet Rec. XV. 793, Migne 200 p. 195. — „Dilecti filii nostri“.
183 1645 366 1720 „ 17.
479 1636 578 1773 „
707 1651 2673 1709 10819 Lambertum magistrum et leprosos Duacenses tuendos suscipit eiusque posscs-
755 1707 2677 1766 siones confirmat. Decimas animalium ab eis exigi vetat. Tailliar Recueil d'actes
753 1755 1480 1824 p. 500. — „Cum ex iniuncto“.
181 1804 364 1885 „ 19.
483 1795 583 1936 „
704 1806 2677 1874 10820 (7255) Henrico, archiepiscopo Remensi, mandat, ne O. epistolae huius latorem
753 1872 2680 1936 patiatur a „M. Catalaunensi ad immoderatum foenus solvendum contra novi et veteris
757 1930 2677 1996 testamenti prohibitionem cogi“. Martene Coll. II. 686, Migne 200 p. 196. — „Con-
751 1974 1199 2042 stitutus in nostra“.
178 2007 366 2102 „ 19.
481 2011 581 2153 „
709 2033 2680 2097 10821 (7256) Henrico, archiepiscopo Remensi, mandat, iudicet inter P. Lapillum et
751 2089 2671 2161 eius socerum, P. Catalaunensem. Martene Coll. II. 687, Migne 200 p. 196. —
753 2142 1290 2208 „Lator praesentium P.“
181 2184 364 2274 „ 21.
486 2190 581 2285 „
704 2190 2680 2263 10822 De Hugonis abbatis fratrumque S. Germani de Pratis Parisiensis ac Symonis
753 2256 2675 2325 de Aneto controversia, a Ludovico, Francorum rege, actum arbitrium repetit et ap-
748 2309 2668 2369 probat. Autogr. in tab. nat. Paris. L. 230. n. 14. — „Iustis petentium desideriis“.
181 2356 366 2438 „ 27.
479 2347 583 2431 „
702 2362 2671 2426 10823 (7257) Episcopis, in quorum dioecesibus monasteria Fontebraldensia constituta
751 2415 2673 2482 sunt, mandat, ut „quoties abbatissa Fontis-Ebraldi vel vicaria eius pro sacramento susci-
753 2477 2671 2541 piendo sorores suas repraesentaverit, nullatenus apostolicae festivitatis occasione
751 2532 2671 2590 dimittant, quin sororibus illis, si alicuius apostoli festivitas non occurrerit, quibus-
748 2581 2673 2647 libet dominicis diebus munus consecrationis impendant“. Niquet Hist. de Font-Evraud
751 2634 1999 2698 p. 415, Migne 200 p. 197. — „Decet nos admodum“.
178 2667 362 2769 „ 28.
470 2658 581 2775 „
704 2694 2673 2756 10824 (7258) Universo clero et populo in regno Teutonico scribit, se schismatis op-
751 2753 2671 2815 pugnandi causa Eberhardum, archiepiscopum Salzburgensem, legatum in regno Teu-
751 2809 2671 2870 tonico constituisse. Cui ut obediant, hortatur. Hansizii Germ. sacr. II. 273, Migne
753 2862 1643 2928 200 p. 197. — „In apostolicae sedis“.
148 2877 368 2985 Mart. 1.
479 2912 581 2983 „
702 2910 2668 2983 10825 Monasterii S. Mariae Sarnaiensis tutelam suscipit, disciplinamque, possessiones,
751 2968 2671 3036 privilegia confirmat, petente Andrea abbate. („VII. non. Martis.“) Merlet et Moutié
751 3032 2143 3096 Cart. des Vaux de Cernay I. 38. — „Desiderium, quod ad“.
185 3065 366 3171 „ 3.
490 3078 563 3144 „
698 3076 2673 3146 „Portat rosam auream dominica, qua cantatur: „Laetare lerusalem“. Vide Hugonis
755 3138 2671 3195 Pictavini Hist. Vizeliac. L. IV. ap. D'Achery Spicil. II. 540, in MG. SS. XXVI. 148.
154 3166 267 3301 („)
470 3166 583 3310 („)
704 3184 2675 3252 10826 (7259) Ludovico, Francorum regi, ita scribit: „Ex antiqua Romanorum ponti-
751 3239 2673 3303 ficum institutione noscitur processisse, quod media quadragesima ea dominica, qua
751 3297 2671 3358 cantatur Laetare Ierosolyma, (3. Mart.) consueverunt ipsi florem aureum propriis
753 3358 2671 3414 manibus gestare; flos namque Christum regem exprimit ac designat, qui de se ipso
753 3400 2673 3467 loquitur dicens: Ego flos campi et lilium convallium“. Aurum, ex quo flos factus
753 3469 2668 3568 sits quid significet, addit. Regi forem tribuit eique bene imprecatur. Radulfi de
934 139 1864 234 ALEXANDER III. 1159—1181.
2556 147 2677 242 165
