3007 3975
289 141 413 229 166
832 298 2381 384 1163. (Ind. 11, pont. a. 4. — 20. Sept. — 5, 1162. — 25. Mart. — 1163.)
914 371 2834 441 Diceto Imag. Histor. ap. Twysden H. A. SS. I. 535, ed. Stubbs I. 310, Duchesne
916 432 2830 503 H. Fr. SS. IV. 768, Bouquet Rec. XV. 794, Mansi XXI. 1031, Migne 200 p. 198.
919 496 2180 549 — „Ex antiqua Romanorum“ „Romanorum pontificum“.
309 488 521 627 Nan. 2.
583 488 777 642 Parii.
866 541 2834 611 10827 (7260) Ludovico, Francorum regi, respondet, „sibi honestius super eo negotio
916 602 2832 660 visum esse, ut H(enrico), Remensi archiepiscopo, deprecatorias litteras mitteret, ut
916 653 2832 722 interventu suo interdictum illud relaxet, donec causa illa in curia eius vel etiam
914 713 2830 772 (Bartholomaei) Bellovacensis episcopi finem debitum sortiatur“. Duchesne Hist. Fr.
916 761 2830 830 SS. IV. 610, Bouquet Rec. XV. 794, Mansi XXI. 1002, Migne 200 p. 199. — „Ex-
914 817 1462 876 cellentiae tuae litteris“.
335 852 521 949 „ 9.
647 872 735 965 „
863 872 2830 942 10828 (7261) Henricum, archiepiscopum Remensem, rogat, „ut civitatem Bellovacensem
919 938 2830 995 a sententia interdicti absolvat, donec controversia in eius vel (Bartholomaei) episcopi
914 982 2828 1048 Bellovacensis iudicio finem debitum sortiatur“. Martene Coll. II. 687, Bouquet Rec.
916 1040 2235 1108 XV. 795, Migne 200 p. 200. — „Carissimus in Christo“.
338 1040 523 1154 „ 10.
645 1108 737 1223 „
863 1082 2830 1166 10829 (7262) Monasterii Savigneiensis protectionem suscipit ac possessiones confirmat,
919 1157 2828 1219 petente Willelmo abbate. Martene et Dur. Vet. Script. I. 859, Migne 200 p. 200.
919 1210 1577 1274 — „Quotiens a nobis illud“.
340 1249 521 1333 „ 10.
640 1247 737 1391 „
863 1256 2828 1329 10830 (7263) Monasterii S. Mariae Retortensis protectionem suscipit, et bona confirmat,
916 1320 2830 1386 petente Sanctio abbate. Hugo O. P. A. II. Pr. p. 428, Migne 200 p. 201. — „Reli-
914 1373 1524 1437 giosam vitam eligentibus“.
340 1424 523 1497 „ 11.
645 1419 735 1521 „
866 1422 2830 1490 10831 (7264) Henrico, archiepiscopo Remensi, mandat, Walterium de Luico, excom-
914 1484 2830 1548 municatum a (Theoderico) episcopo Ambianensi, cogat, ut M. mulieri ablatam dotem
914 1534 2660 1605 reddat. Martene Coll. II. 688, Migne 200 p. 203. — „Ex insinuatione M.“
338 1541 521 1658 „ 11.
638 1585 733 1722 „
866 1587 2830 1662 10832 Willelmo abbati Savigneiensi indulget, ut „in omnibus monasteriis, quae de eius
914 1643 2828 1713 monasterio sint egressi, et in his, quae de egressis ab eodem monasterio prodierint,
914 1696 2830 1764 de personis quam de rebus disponendi liberam habeat facultatem“, excommunicandi-
919 1764 2828 1824 que eos, qui eius subiectioni se subtraxerint. Cart. de Savigny s. XIII. f. 158 in
916 1810 2485 1870 Arch. dép. de la Manche in St.-L0. — „Cum omnibus ecclesiasticis“.
340 1850 523 1936 „ 14.
640 1863 737 2025 „
863 1868 2830 1927 10833 (7265) Henrico, archiepiscopo Remensi, mandat, ut, vel invito G(eraldo) episcopo
914 1921 2828 1987 Tornacensi, latori epistolae huius ecclesiam de Rechem restituat. Martene Coll.
914 1972 2229 2044 II. 689, Migne 200 p. 203. — „Lator praesentium iam“.
335 2007 523 2111 „ 18.
647 2018 731 2155 „
866 2027 2828 2100 10834 (7266) Henrico, Anglorum regi, omnes archiepiscopos et episcopos ad concilium
914 2086 2828 2148 missuro, gratias agit; sed „statuit, ut propter hoc ei aut posteris eius nullum detri-
914 2146 2828 2206 mentum vel incommodum debeat provenire, neque, occasione ista, nova consuetudo
914 2199 2830 2261 in regnum eius possit induci, vel ipsius regni dignitas aliquatenus minorari“. Rymer
916 2248 1725 2320 Foedera I. 44. — „IIlum devotae“.
335 2290 523 2373 „ 18.
642 2307 733 2426 „
863 2305 2830 2369 10835 (7267) Henrico, archiepiscopo Remensi, mandat, ut Gill. sacerdotem, a Roberto
914 2365 2830 2426 de Curten. postulatum, „in octavis paschae“ (31. Mart.) accedere ad sese iubeat.
914 2415 2507 2477 Martene Coll. II. 689, Migne 200 p. 204. — „Dilectus filius noster“.
335 2413 521 2537 „ 18.
642 2471 731 2594 „
866 2473 2830 2532 10836 A(madeo) episcopo Sedunensi concedit, ut ecclesiae possessiones, ab anteces-
916 2532 2830 2592 soribus eius, praecipue a Ludovico, quondam episcopo, „quocumque titulo, postquam
914 2579 2828 2652 scisma sapuit“, alienatas, recuperet. Mém. et doc. de la Suisse Rom. XVIII. 360.
916 2638 1433 2705 — „Susceptis litteris“.
335 2661 521 2764 „ 19.
647 2674 737 2769 „
863 2687 2830 2756 10837 (7268) G(ilberto), episcopo Herefordensi, concedit rogatu Henrici Anglorum regis
914 2751 2830 2806 et T(homae) archiepiscopi Cantuariensis, ut ecclesiam Londinensem regendam susci-
916 2804 2830 2868 piat, „si tamen Londinensis ecclesia hoc unanimiter postulaverit“. Gilberti Foliot
914 2850 2503 2915 epist. ed. Giles I. 192, Migne 200 p. 205. — „Ex litteris carissimi“.
313 2868 430 3056 („)
634 2873 744 3043 („)
863 2903 2828 2972 10838 (7269) Capitulo Londinensi significat, se Henrico, Anglorum regi, permisisse, ut
914 2959 2823 3029 (Gilbertus) episcopus Herefordensis ecclesiae Londinensi praeponeretur, „si tamen“
916 3025 2825 3087 inquit „vos eundem episcopum unanimiter postulaveritis“. Radulf. de Diceto Imag.
916 3078 2821 3149 Hist. ap. Twysden H. A. SS. I. 534, Opp. ed. Stubbs I. 309, Migne 200 p. 206. —
914 3127 1433 3197 „Ex litteris carissimi“.
346 3166 523 3257 „ 20.
647 3184 748 3261 „
863 3177 2828 3248 10839 (7270) Ludovicum, Francorum regem, monet, ut ecclesiam Brivatensem ab in-
916 3241 2825 3303 iuriis comitum Alverniae et vicecomitis Polenniacensis tueatur. Duchesne Hist. Fr.
916 3297 2825 3358 SS. IV. 608, Bouquet Rec. XV. 795, Mansi XXI. 1000, Migne 200 p. 206. — „Ad
916 3356 1338 3418 tuae sublimitatis“.
335 3361 528 3555 „.
636 3405 746 3551 „
863 3392 2828 3464 10840 Parthenonis S. Mariae Burburgensis tutelam suscipit, possessionesque ac decu-
916 3462 2825 3562 marum immunitatem coufirmat, petente Garicia abbatissa. Chartul. Brobur6. ms.
1100 136 2023 236 ALEXANDER III. 1159—1181.
