3007 3975
658 300 2211 399 1163. (Ind. 11, pont. a. 4. — 20. Sept. — 5. 1162. — 25. Mart. — 1163.)
742 379 2662 461 lat. 9921 sec. livre f. 5“, ms. lat. 9126. f. 198 in bibl. nat. Paris. — „Desiderium
742 454 1016 510 quod (ad)“.
134 452 353 576 Mart. 22.
413 485 607 596 Parisfi-
691 490 2662 567 10841 (7271) Henrico, archiepiscopo Remensi, mandat, ut excommunicationis sententiam
742 556 2662 624 a (Nicolao) episcopo Cameracensi in uxorem comitis Namurcensis prolatam, nisi intra
744 620 2662 684 dies 30 ad virum redierit, iterum edat. Martene Coll. II. 690, Bouquet Rec. XV. 795,
744 669 1807 739 Migne 200 p. 207. — „Dilectus filius noster“.
167 719 353 803 „ 24.
483 737 556 799 „
689 722 2662 790 festis diebus paschalibus. Hugonis Pictavini Hist. Vizeliac. L. IV. ap. D'Achery Spic.
742 779 2403 841 II. 540, in MG. SS. XXVI. 148, Bosonis cardin. Vita Alexandri p. 393.
167 825 351 909 „ 30.
479 845 563 918 „
693 828 2662 903 10842 Monasterii S. Mariae de Valle protectionem suscipit, possessionesque et privi-
742 894 2662 962 legia confirmat, petente Stephano abbate. Autogr. in tab. nat. Paris. L. 230. n. 17a.
748 951 1268 1015 — „Quotiens illud a“.
130 987 353 1088 Apr. 5.
479 987 565 1108 „
693 998 2662 1062 10843 Parthenonis S. Mariae Hederensis tutelam suscipit, ac possessiones decimarum-
740 1053 2662 1126 que immunitatem confirmat, petente Clementia abbatissa. Pflugk-Harttung Acta
742 1117 1511 1177 I. 232. — „Religiosis desideriis“.
165 1166 349 1258 „ 5.
472 1108 567 1269 „
691 1168 2664 1227 10844 Monasterii Becherunensis patrocinium suscipit, possessionesque et privilegia con-
740 1223 2662 1280 firmat, petente Daniele abbate. Lalaune Hist. de Chatelleraud I. 571, (Bulla cor-
740 1272 2662 1358 rigenda est ex autogr. in bibl. nat. Paris. ms. lat. 9230 n. 5). — „Religiosis votis
737 1329 965 1395 annuere“
165 1378 346 1484 „ 6.
475 1353 570 1488 „
691 1362 2662 1446 10845 (7272) Parthenonis S. Spiritus Paraclitensis protectionem suscipit bonaque con-
740 1442 2660 1501 firmat, petente Heloisa abbatissa. Abaelardi et Heloisae Opp. p. 354, Lalore Coll.
740 1497 2132 1563 des cart. II. 22, (Migne 200 p. 207). — „Ad hoc nobis a“.
167 1543 346 1645 „ 6.
477 1537 563 1645 „
689 1554 2662 1612 10846 Parthenonis S. Spiritus Paraclitensis tutelam suscipit et possessiones confirmat,
737 1607 2609 1667 petente Heloisa abbatissa. Lalore Coll. de cart. II. 22. — „Prudentes virgines“.
163 1627 344 1762 „ „
477 1638 567 1760 „
691 1656 2662 1720 10847 Monasterii de Castellulo patrocinium suscipit, possessionesque ac decumarum
740 1720 2657 1788 immunitatem confirmat, petente Gisleberto abbate. Pflugk-Harttung Acta I. 235. —
740 1764 1314 1828 „Quotiens illud a nobis“.
167 1806 346 1919 „ 12.
475 1806 567 1919 „
691 1808 2660 1890 10848 (7273) Monasterii Mortui-maris patrocinium suscipit, ac disciplinam, possessiones,
742 1881 2662 1943 privilegia confirmat, petente Stephano abbate. Cartul. de Mortemer f. 36. ms. lat.
744 1930 2662 2018 18369 in bibl. nat. Paris., (Neustria pia p. 780, Migne 200 p. 208). — „Quotiens
740 1983 950 2055 illud a“.
167 2025 344 2144 „ 13.
470 2025 570 2148 „
689 2031 2662 2104 10849 (7413) Compositionem inter monachos S. Vedasti et abbatissam S. Mariae Stru-
742 2106 2662 2159 mensis factam a Gualtero episcopo Albanensi et Odone ac Bosone diaconis cardi-
740 2148 2662 2219 nalibus confirmat. Martene et Dur. Vet. Script. I. 888, Guimann Cart. de S.-Vaast
740 2208 2304 2279 d'Arras p. 311, Migne 200 p. 322. — „Iustis petentium desideriis“.
167 2239 349 2351 „ 20.
479 2276 565 2354 „
689 2259 2664 2327 10850 Lamberto, abbati Bellopratensi (dioc. Tullensis), privilegium dat. Cf. Coll. Baluzii
740 2316 2660 2389 t. 38. f. 233 in bibl. nat. Paris., Neues Archiv VII. 87. — „Religiosis desideriis“.
170 2325 351 2466 „ 20
470 2338 572 2515 „
693 2369 2662 2435 10851 Inter Rogerium abbatem Columbensem et Mauritium episcopum Parisiensem
742 2438 2662 2493 compositionem super ecclesia S. Germani in Leia et capella S. Aegidii, a Milone
740 2491 2662 2548 archipresbytero Mediolanensi et Osmundo canonico Parisiensi factam, confirmat.
740 2535 2165 2608 Loewenfeld Epistolae p. 132. — „Iustis petentium desideriis“.
170 2559 355 2678 „ 21.
483 2539 563 2696 „
687 2583 2662 2658 ecclesiae S. Germani altare consecrat. Vide tabulam Hugonis abbatis in Gall. Chr.
746 2647 2182 2718 VII. Instr. p. 71, Bouquet Rec. XIV. 426, Migne 200 p. 208.
172 2689 353 2782 „ 22.
468 2727 567 2817 „
693 2696 2664 2762 10852 Universis fidelibus per regnum Francorum constitutis, qui ad ecclesiam S. Ger-
740 2760 2662 2820 mani de Pratis, a sese consecratam, „a die dedicationis (21. Apr.) usque ad octavas
742 2809 2662 2884 pentecostes“ (19. Mai.) accesserint, unum annum de iniuncta penitentia relaxat; in
742 2875 2662 2934 anniversario vero die eam visitantibus 20 dies indulget. Loewenfeld Epistolae p. 133.
746 2928 1212 2990 — „Certum est et“.
174 2945 357 3045 „ 22.
475 2943 565 3087 „
693 2970 2662 3038 10853 (7274) Ecclesiam S. Mariae Herivallensem tuendam suscipit, possessionesque
742 3029 2662 3100 eius, petente Radulfo priore, confirmat. Gall. Chr. VII. Instr. p. 273, Torelli Secoli
748 3093 2244 3160 Agostini IV. 66, Migne 200 p. 210. — „. . . ea propter, dilecti“.
174 3120 355 3217 „ 23.
461 3135 574 3210 „
695 3140 2660 3204 10854 (7275) Henrico, archiepiscopo Remensi, significat, se (Andreae) episcopo Atre-
744 3195 2660 3263 batensi abdicanti „tria altaria, videlicet de Monci, de Remcort et de Mirelmont, ad
742 3250 2660 3316 necessariam vitae sustentationem concessisse“. Martene Coll. II. 1010, Migne 200
742 3312 1608 3365 p. 210. — „Sicut nuper fraternitati“.
174 3330 364 3489 „ 24.
461 3343 572 3506 „
693 3347 2660 3422 10855 (7276) Ecclesiae S. Genovefae Parisiensis bonaque et iura confirmat, petente
746 3418 2660 3526 Alberto abbate. Gall. Chr. VII. Instr. p. 241. Nigne 200 p. 211. — „Domiaus
744 3478 998 3584 sapiemntia“.
923 152 1851 245 ALEXANDER III. 1159—1181.
2543 161 2662 247 167
