3007 3975
302 167 424 245 168
846 309 2401 397 1163. (Ind. 11, pont a. 4. — 20. Sept. — 5, 1162. — 25. Mart. — 1163.)
313 377 536 479 Apr. 25.
589 368 790 474 Parisiis
874 375 2847 450 10856 (7277) Ecclesiae Gerboredensis protectionem suscipit, bonaque et privilegia con-
925 441 2843 507 firmat, imposito canonicis unius bizantii censu annuo. Pillet Hist. de Gerberoy
925 499 2836 567 p. 332, Beauvillé Rec. de doc. conc. la Picardie III. 21, Migne 200 p. 215. —
925 547 1341 620 „Quoties illud a“.
351 613 532 695 „ 29.
598 609 802 702 Carnoti
877 611 2845 686 10857 (7278) Ecclesiae S. Petri Duacensis protectionem suscipit, bonaque ac privilegia,
927 677 2847 742 petente Hugone praeposito, confirmat. Miraei Opp. dipl. III. 51, Migne 200 p. 217.
930 730 1612 797 — „Sicut iniusta petentibus“.
315 772 536 863 Mai. 2.
658 786 744 861 „
881 779 2847 850 10858 Domus leprosorum Belli-loci tutelam suscipit, possessionesque confirmat. (Pro
934 834 2847 907 „XI. non. Maii“ legendum esse puto: „VI. non. Maii“.) In bibl. nat. Paris. Cartul.
930 894 2847 960 de la léproserie du Grand Beaulieu, ms. lat. nouv. acqu. 1408, cuius folia numeris
927 949 2068 1015 adhuc carent. — „Sacrae scripturae attestatione“.
357 987 539 1086 „ 12.
612 987 793 1130 Furoni
879 1009 2847 1077 in ecclesia S. Martini ad portam Parve-aree missam celebrat. Chron. S. Mart. Turon.
934 1073 2355 1128 1163 ap. Martene et Durand V. 1019, in MG. SS. XXVI. 463.
362 1117 543 1230 „ 16.
656 1148 744 1196 „)
881 1119 2850 1188 10859 (7279) Ecclesiae Legionensis libertatem, possessiones, privilegia confirmat, petente
932 1181 2847 1252 lohanne episcopo. Risco Espafia sagr. XXXV. 421, Migne 200 p. 219. — „Ad
930 1232 1398 1300 sedem apostolicam“.
362 1278 539 1395 „ 19.
581 1267 824 1360 Turoni in
872 1285 2850 1364 Concilium „cardinalium 17, episcoporum 124, abbatum 414“. Bosonis card. Vita
574 1351 828 1426 ecclesia S.
932 1358 2847 1415 Alexandri ap. Watterich II. 393: „XIV. kal. Iunii“. Chron. S. Petri vivi 1163 ap.
605 1408 806 1525 Mauritii.
932 1411 2847 1470 D'Achery Spic. II. 486, in MG. SS. XXVI. 35: „in octavis pentecostes scil. XIV. kal.
932 1468 2850 1543 lun.“. Chron. Fiscanense 1163 ap. Labbe N. B. M. I. 326: „dominica prima post
932 1523 1237 1583 pentecosten“.
932 1552 2850 1638 Statuunt: 1) ne aut praebendae dividantur aut dignitates permutentur; 2) ne clerici
932 1629 2850 1696 usuram accipiant; 3) ne „quis alicui laico in saeculo remanenti ecclesiam decimamve
932 1689 2850 1744 concedat“; 4) excommunicant participes haeresis, quae „in partibus Tolosae dudum
932 1735 2850 1804 emersit, quae more cancri paullatim ad vicina loca diffundens, per Vasconiam et
932 1795 2852 1855 alias provincias quam plurimos iam infecit“; 5) ne „sub annuo pretio sacerdotes
932 1852 2850 1912 ad ecclesiarum regimen statuantur“; 6) „ne ab iis, qui ad religionem transire volue-
932 1901 2850 1967 rint, aliqua pecunia requiratur, neve prioratus aut capellaniae quaelibet monachorum
932 1963 2850 2027 aut clericorum vendantur“; 7) ne „decani vel archipresbyteri ad agendas vices epi-
934 2020 2852 2075 scoporum seu archidiaconorum et terminandas causas ecclesiasticas sub pretio annuo
934 2073 2854 2137 constituantur“; 8) „ut nullus omnino post votum religionis, post factam in aliquo
932 2124 2852 2186 religioso loco professionem, ad physicam legesve mundanas legendas permittatur
932 2177 2852 2250 exire“; 9) „ordinationes factas ab Octaviano et aliis schismaticis et haereticis eva-
934 2234 2850 2296 cuant“; 10) statuunt de ecclesiarum castrensium possessionibus. Acta exstant in
934 2281 2642 2351 Bosonis card. Vita Alex. I. I., Mansi XXI. 1176. Cf. Reuter I. 546. 547.
934 2343 2854 2404 In hoc concilio „Alexander papa excommunicat Octavianum schismaticum et Rainal-
934 2396 2850 2457 dum Coloniensem electum, archiepiscopum quoque Moguntinum, Hugonem etiam
932 2451 2852 2513 abbatem Cluniacensem cum quibusdam schismatis auctoribus“. Sigeberti Contin.
934 2499 1758 2568 Aquicinct. 1162 in MG. SS. VI. 409.
357 2537 539 2658 „ 22.
614 2541 799 2674 Turoni
883 2548 2854 2623 10860 Universos ecclesiarum praelatos hortatur, moneant propositis indulgentiis com-
934 2621 2854 2678 missum sibi populum, ut pro Templariorum usibus collectas faciant. Addit de aliis
932 2667 2470 2744 eorum privilegiis. Prutz Malteser Urk. p. 39. — „Milites templi“.
364 2716 541 2828 „ 25.
665 2749 757 2820 „
885 2736 2854 2806 10861 (7280) Monasterii S. Iohannis Ambianensis protectionem suscipit, bonaque
934 2791 2850 2864 confirmat, petente Eustachio abbate. Hugo O. P. A. I. Pr. p. 694, Migne 200
936 2842 2852 2923 p. 222: „VIII. kal. Iun.“, (Neues Archiv VII. 97: „VII. kal. Iun.“). — „Religiosam
934 2895 1376 2972 vitam eligentibus“.
366 2941 547 3045 „ 26.
671 2950 751 3045 „
888 2945 2852 3018 10862 (7281) Henrico, archiepiscopo Remensi, mandat, iudicet inter fratres S. Remigii
938 3009 2852 3074 et abbatem Dervensem. Canonicos Grandis-prati moneri vult, ut corpus filii comitis
934 3067 2850 3142 eiusdem loci ablatum ecclesiae S. Remigii reddant. Martene Coll. II. 691, Migne 200
936 3115 1822 3193 p. 224. — „Ex conquestione abbatis“.
364 3133 547 3263 „ 26.
678 3184 753 3261 „
890 3184 2852 3252 10863 (7282) Monasterium S. Fidis Gorshamense tuendum suscipit et bona eius con-
936 3233 2850 3312 firmat, petente Bernardo priore. Monast. Angl. I. 416, nov. ed. III. 637, Migne 200
936 3294 1663 3369 p. 225. — „Religiosam vitam“.
360 3323 550 3526 „ **
656 3310 757 3531 „
890 3347 2854 3420 10864 (7283) Monasterii S. Bertini Sithiensis libertatem bonaque confirmat, petente
936 3405 2850 3513 Godescalco abbate. Collection des Cartulaires IIf. 888. Rigne 200 p. 227. — „Iasti-
943 3467 1334 3573 tiae et rationis.
1109 147 2037 238 ALEXANDER III. 1159—1181.
