3007 3975
649 309 2202 399 1163. (Ind. 11, pont. a. 4. — 20. Sept. — 5, 1762. — 25. Mart. — 1163.)
415 355 592 477 Turoni
680 377 2649 454 10865 (7284) Abbatissae et monialibus Burburgensibus praecipit, ne monasterii S. Ber-
103 368 269 499 (Nat)
731 450 2649 514 tini Sithiensis parochianos „in sepulturam recipiant“. lohannis Longi chron. S. Ber-
731 496 1805 569 tini in MG. SS. XXV. 806. — „Ex relatione“.
682 554 2649 627 10866 Ab ecclesiis quibusdam, ad ius monasterii S. Bertini Sithiensis pertinentibus,
167 552 344 633 „ 26.
461 556 556 627 „
731 613 2651 680 Hugonem clericum episcopi Tornacensis removet, easque ab omni personatu absolvit,
733 662 2651 737 „ita videlicet, ut nulli liceat, presbyteris ipsarum ecclesiarum aliquam personam prae-
731 724 2651 788 ferre, per quam iidem presbyteri rebus propriis inique spolientur“. Alia privilegia
735 779 2651 841 addit. In bibl. nat. Paris. Coll. Moreau t. 72. p. 129, (Iohannis Longi chron. S. Ber-
733 830 2070 889 tini in MG. SS. XXV. 806). — „Ecclesiarum utilitatibus“.
684 876 2653 951 10867 Fratribus S. Lupi Trecensis liberam concedit facultatem „sepeliendi eos, qui sibi
163 865 344 960 „ 26.
468 863 556 1035 „
733 942 2653 1007 in cimeterio illorum sepulturum elegerint“. Lalore Coll. des cart. I. 61. — „Iustis
731 998 1228 1062 petentium desideriis“.
687 1046 2653 1119 10868 (7285) Ecclesiae S. Mariae Snapensi ecclesias quasdam asserit, petente W. priore.
165 1026 344 1121 „ 26.
470 1035 556 1137 „
733 1101 2653 1174 Rymer Foedera I. 23, Monast. Angl. nov. ed. IV. 558, Migne 200 p. 227. — „Iustis
731 1163 1230 1221 petentium desideriis“.
687 1214 2655 1278 10869 Eberhardi archiepiscopi Salzburgensis et A(rtmanni) episcopi Brixinensis aliorum-
165 1199 342 1294 „ 29.
466 1172 554 1289 „
737 1278 2655 1336 que illius suffraganeorum fidem erga se et Romanam ecclesiam laudat. In „magni-
737 1329 2653 1386 fico“ concilio Turonis celebrato Oct(avianum) schismaticum eiusque complices excom-
733 1386 2655 1444 municatos esse scribit. Archiepiscopum rogat, ut „quoniam imperator in Ungariam
733 1435 2655 1503 pro discordia illa, quae ibidem emersit, transire disposuit“, L(ucam) archiepiscopum
735 1497 2655 1552 Strigoniensem ad transitum illius disturbandum omni modo adducat. Pflugk-Hart-
733 1539 2657 1616 tung Acta II. 368, (Meiller Reg. arch. Salisb. 105. n. 241). — „Fervorem et con-
735 1605 980 1662 stantiam“.
684 1643 2657 1718 10870 (7286) Dominico, monasterii S. Facundi Sahagunensis abbati, „potestatem ligandi
163 1651 349 1726 „ 31.
475 1662 558 1737 „
735 1715 2657 1773 atque solvendi in villa S. Facundi“ et mitrae usum concedit. Escalona Hist. de
735 1768 1668 1824 Sahagun p. 541. — „Cum ex iniuncto“.
687 1817 2660 1885 10871 (7287) Hugoni abbati S. Germani Parisiensis concedit, ut Mauricii episcopi pro-
132 1799 349 1899 Iun. 1.
468 1808 570 1894 „
737 1874 2657 1938 clamatio in concilio Turonensi facta „nullam interruptionem nullumque possit iuri
740 1936 2655 2000 et libertati eius ecclesiae praeiudicium in posterum generare“. Bouquet Rec. XV. 796,
742 1985 1860 2047 Migne 200 p. 228. — „Dum venerabilis frater“.
689 2033 2660 2108 10872 Universos ecclesiae praelatos hortatur, ut xenodochio Hierosolymitano subveniant
167 2025 349 2115 „ 2.
466 2011 572 2113 „
737 2091 2657 2161 populumque, indulgentia proposita, ad collectas faciendas compellant. Addit de privi-
740 2155 2657 2221 legiis hospitalariis concessis. In bibl. nat. Paris. Coll. Grenier t. 53. f. 83. — „Quam
740 2212 1084 2272 amabilis Deo“.
689 2259 2660 2327 10873 (7288) Henrico, archiepiscopo Remensi, mandat, ut Ric. de Corberio id facere
165 2259 351 2332 „ 3.
475 2259 570 2343 „
740 2314 2657 2380 cogat, quod „dum in habitu fratrum militiae templi militaret“ promiserit, „se ad
740 2369 2662 2438 Cisterciensium fratrum vel aliam districtam religionem transiturum“. Martene Coll.
742 2433 2076 2484 II. 692, Migne 200 p. 228. — „Pervenit ad audientiam“.
695 2479 2662 2548 10874 Monasterii S. Iacuti (de Insula maris) tutelam suscipit, disciplinamque et pos-
172 2475 355 2559 „ 4.
468 2438 574 2557 („)
742 2537 2662 2599 sessiones confirmat, petente Henrico abbate. Anciens évéchés de Bretagne IV. 277.
740 2585 1747 2658 Cf. infra 10902. — „Desiderium quod ad“.
695 2647 2662 2709 10875 (7289) Monasterium S. Salvii Florentinum tuendum suscipit et eius bona ac iura,
174 2650 360 2716 „ 5.
477 2645 567 2716 „
744 2700 2664 2762 petente Paulo abbate, confirmat. Lami Eccl. Fl. M. II. 1233, Soldani Hist. mon. de
744 2756 2103 2824 Passin. p. 267, Migne 200 p. 229. — „Religiosam vitam“.
698 2802 2664 2873 10876 (7290) Monasterium S. Mariae Sherbornense tuendum suscipit, eiusque posses-
181 2802 357 2888 „ 5.
483 2809 572 2890 „
748 2866 2664 2932 siones et privilegia confirmat, petente Clemente abbate. Monast. Angl. I. 425, nov.
744 2915 2251 2987 ed. I. 339 et IV. 65, Migne 200 p. 231. — „Religiosam vitam“.
695 2968 2666 3038 10877 Monasterii Eveshamensis tutelam suscipit bonaque et iura confirmat, petente
176 2945 357 3051 „ 5.
479 2930 574 3045 „
748 3027 2666 3087 Ada abbate. Chronicon abb. de Evesham p. 175. — „Piae postulatio voluntatis“.
700 3085 2664 3144 10878 Monasterii Candeliensis protectionem suscipit, possessionesque ac decumarum
178 3087 362 3162 „ 5.
470 3078 585 3160 „
748 3138 2675 3202 immunitatem confirmat, petente Gosberto abbate. In bibl. nat. Paris. Coll. Doat.
746 3197 1780 3261 t. 114. f. 449. — „Religiosis votis annuere“.
698 3246 2668 3310 10879 Monasterii S. Petri Condomiensis possessiones confirmat, petente Garsia abbate.
176 3246 362 3323 „ 5.
481 3241 585 3330 „
746 3305 2107 3372 (Fragmentum.) In bibl. nat. Paris. ms. lat. 12752. f. 499.
700 3361 2671 3420 10880 (7291) Henrico, archiepiscopo Remensi, hoc mandat: „suffraganeos tuos episcopos
174 3312 364 3438 „ 5.
483 3367 578 3440 „
748 3416 2668 3475 et universos abbates per tuam provinciam constitutos ad honestas procurationes nobis
751 3471 2668 3564 et fratribus nostris faciendas exhortari studeas, ut eas hine ad primum festum b.
181 3500 684 3595 Regestavont. Roman. Rad. aec.
2319 3531 2397 3621 22
916 152 1840 242 ALEXANDER III. 1159—1181.
2523 150 2653 253 169
