3007 3975
300 161 426 253 170
848 309 2406 406 1163. (Ind. 11, pont. a. 4. — 20. Sept. — 5, 1162. — 25. Mart. — 1763.)
925 395 2850 468 Iacobi (25. Iulii) honeste possimus utiliterque recipere“. Martene Coll. II. 692,
927 448 2465 512 Bouquet Rec. XV. 797, Migne 200 p. 233. — „Discretionis tuae“.
318 494 536 585 Iun. 5.
607 501 786 631 Taroni
877 507 2852 567 10881 (7292) Henricum, archiepiscopum Remensem, eiusque suffraganeos episcopos et
927 563 2850 629 universos abbates et priores per eius episcopatum constitutos ad „honestas procura-
925 620 2850 684 tiones“ mittendas hortatur. Martene Coll. II. 693, Bouquet Rec. XV. 797, Migne 200
927 671 1756 739 p. 233. — „Quanto de sinceritate“.
351 711 534 803 „ 7.
665 735 744 814 „
883 722 2852 795 10882 Monasterii S. Trinitatis Dunfermelinesis tutelam suscipit, possessionesque ac iura
927 786 2850 848 confirmat, petente Galfrido abbate. Registrum de Dunferm. p. 151. — „Religiosam
934 832 1372 905 vitam eligentibus“.
346 872 536 978 „ 7.
658 876 744 1020 „
881 885 2850 960 10883 Monasterium de Petris tuendum suscipit, possessionesque et privilegia confirmat,
932 942 2850 1024 petente Stephano abbate. In bibl. nat. Paris. ms. lat. 12743. f. 360. — „Quotiens
932 1004 1142 1066 illud a“.
346 1035 536 1141 „ 8.
660 1062 744 1137 „
883 1053 2852 1119 10884 (7293) Ecclesiae Genestonensis protectionem suscipit, possessionesque ac iura
932 1115 2850 1177 confirmat, petente Clemente priore. Morice Mém. p. s. à Lhist. de Bret. I. 649,
934 1168 2112 1234 Migne 200 p. 233. — „Piae postulatio voluntatis“.
351 1192 539 1291 „ S.
662 1214 751 1307 „
881 1219 2854 1287 10885 (7294) (Hugoni), episcopo Suessionensi, mandat, hortetur (Mauritium) episcopum
932 1276 2852 1340 Parisiensem, ut aut Odoni sacerdoti ablata restituat, aut cum eodem rem transigat.
932 1329 2850 1397 Duchesne Hist. Fr. SS. IV. 592, Bouquet Rec. XV. 797, (Mansi XXI. 979, Migne 200
934 1393 1833 1453 p. 235). — „Ex conquestione Odonis“.
353 1431 536 1514 „ 9.
662 1457 757 1572 „
881 1439 2852 1517 10886 (7295) Thomae, archiepiscopo Cantuariensi, mandat, „ut episcopos suffraganeos
934 1503 2850 1563 suos et abbates atque alias religiosas personas in sua provincia constitutas convocet,
932 1554 2852 1612 et Anselmi quondam archiepiscopi Cantuariensis vita perlecta et miraculorum serie
934 1603 2852 1671 publice declarata, cum consilio et assensu convenientium fratrum super illo canoni-
934 1656 2850 1726 zando, ipsius fultus auctoritate, procedat“. Gilberti Foliot epist. ed. Giles II. 61,
932 1720 2852 1784 Rymer Foedera I. 42, Wharton Angl. sacr. II. 177, Migne 200 p. 235. — „Con-
934 1779 1265 1832 stitutus olim“.
357 1788 541 1896 „ 10.
656 1806 762 1947 „
881 1819 2854 1890 10887 (7296) Monasterii S. Martini Canigonensis protectionem suscipit, possessiones-
934 1877 2854 1945 que ac privilegia, rogatu Raimundi abbatis, confirmat, imposito monachis unius mora-
934 1936 2852 2009 batini censu annuo. Marca Marca Hisp. p. 1334, Aguirre Conc. V. 79, Migne 200
934 1985 1643 2055 p. 236. — „Quotiens illud a“.
360 2018 539 2137 „ 10.
660 2018 753 2170 „
883 2040 2854 2108 10888 (7297) Ludovico, Francorum regi, scribit, (Willelmum) comitem Alverniae ab-
934 2097 2852 2161 solutum nuper esse ea lege, ut et filiam viro et bona ablata ecclesiae Brivatensi
934 2157 2854 2221 restitueret. Nepotem comitis absolutum esse negat. „In eo sumus proposito“ inquit
936 2210 2850 2276 „ut super his, quae gravia tibi cognoscimus, te inconsulto nullatenus procedamus;
934 2270 2854 2327 quod si aliquando inscienter contra id aliquid faceremus, non pigebit nos congrua
936 2318 2854 2382 in melius discretione reducere, quae tanto principi noverimus displicere“. Duchesne
936 2373 2852 2440 Hist. Fr. SS. IV. 619, Bouquet Rec. XV. 798, Mansi XXI. 1014, Migne 200 p. 239.
941 2426 1551 2491 — „Dum adhuc Parisius“.
362 2444 543 2581 „ 10.
662 2462 762 2577 „
883 2479 2856 2550 10889 (7298) Sententiam, ab A(rraldo) quondam abbate S. Benedicti de ecclesia S. Ger-
934 2541 2852 2605 mani latam secundum capitulum ecclesiae b. Aniani contra episcopum Aurelianensem
934 2594 2852 2663 confirmat. Humbert Antiqu. de S. Aignan d'Orleans Pr. p. 118, Bouquet Rec. XV.
938 2645 2193 2718 798, Migne 200 p. 239. — „Causam, quae inter vos“.
357 2689 543 2795 „ 11.
667 2689 757 2826 „
883 2705 2856 2767 10890 (7299) Stephano, episcopo Meldensi, concedit, ut Iosolius, ecclesiae Resbacensis
934 2760 2854 2824 capellanus ab abbate constitutus, qui contra episcopi interdictum sacra procuraverit,
938 2813 2854 2879 „neque in supradicta, neque in alia qualibet episcopatus ecclesia divina officia prae-
936 2870 2850 2941 sumat celebrare“. Launoii Opp. III. II. 408, Migne 200 p. 240. — „Constitutis in
934 2926 1215 2990 praesentia“.
357 2950 545 3096 „ 11.
660 2968 762 3087 „
883 2963 2854 3040 10891 (7300) Ad Ludovicum, Francorum regem, cum mandatis quibusdam mittit (Ste-
936 3034 2854 3102 phanum) episcopum Meldensem et P. Sancti Aniani Aurelianensis decanum. Se
936 3091 2854 3151 Bituricas profecturum nunciat; rogatque, „homines illius loci diligenter admoneat, ut
936 3144 2854 3204 liberum accessum universis, qui illuc voluerint venire, concedant, et sibi et curiae
936 3191 2850 3259 suae debitam reverentiam et honorem impendant“. Duchesne Hist. Fr. SS. IV. 626,
934 3241 2847 3314 Bouquet Rec. XV. 799, Mansi XXI. 1024, Migne 200 p. 241. — „Quoniam non semper“.
351 3283 545 3427 „ 11.
645 3321 760 3385 „
881 3305 2850 3369 10892 Monasterii Malmesburiensis protectionem suscipit, bonaque et privilegia, rogatu
934 3363 2850 3420 Gregorii abbatis, confirmat, iniuncta fratribus unciae auri pensione annua. (Pro
938 3414 2850 3520 „IId. id. Iulfi“ legendum est „III. id. lunii“.) Registrum Malmesbur. I. 353. — „Car
936 3478 1369 3566 universis sanctae“.
1109 156 2043 249 ALEXANDER III. 1159—1181.
