3007 3975
651 302 2209 395 1163. (Ind. 11, pont. a. 4. — 20. Sept. — 5, 1162. — 25. Mart. — 1163.)
687 379 2655 448 10893 (7301) Monasterii S. Mariae Vitensis protectionem suscipit, possessionesque ac
417 359 594 465 Turoni
123 364 346 477 lun. 12.
735 446 2653 510 privilegia confirmat, petente Dominico abbate. Hugo O. P. A. II. Pr. p. 695, Migne
735 499 1637 563 200 p. 241. — „Quoniam sine verae“.
684 547 2655 613 10894 (Iohanni) episcopo, (Bernardo) praeposito, archidiaconis et universo capitulo
165 547 349 633 „ 13.
461 552 558 638 „
737 609 2655 673 Magalonensi significat, se „verbum quoddam ambiguum in concordia quadam inter
735 664 2653 722 Iohannem et Bernardum facta positum“ ita interpretari velle, ut in ecclesia Maga-
733 715 2653 777 lonensi dispensatores a praeposito cum consilio capituli instituantur et instituti nisi
733 766 2653 839 praeposito nulli in rebus administrandis obediant. Mém. de la soc. de Montpellier
737 830 1442 892 V. 521. — „Dum vos, frater“.
687 876 2651 949 10895 (7302) Congregationem Placentinam, a Sigefrido quondam episcopo conditam,
163 867 346 954 „ 15.
466 881 563 967 „
735 940 2653 998 iusque eligendi archipresbyteri fratribus datum, confirmat. Campi Hist. di Piac.
731 993 1964 1048 II. 359, Migne 200 p. 243. — „Fidei et devotionis“.
684 1037 2653 1110 10896 (7303) (Pontio) archiepiscopo Narbonensi, (Artaldo) Elenensi et (Pontio) Car-
165 1033 346 1135 „ 17.
452 1029 554 1130 „
735 1108 2653 1163 cassonensi episcopis praecipit, ne monasterium Crassense iniuriis afficiant. Martene
740 1157 2653 1219 Thes. I. 463, Bouges Hist. de Carcass. p. 541, Bouquet Rec. XV. 799, Migne 200
731 1205 1347 1276 p. 244. — „Relatum est“.
680 1263 2651 1331 10897 Bertranni, magistri militiae templi Hierosolymitani, eiusque fratrum protectionem
161 1260 344 1349 „ 18.
468 1274 547 1342 „
731 1325 2651 1382 suscipit, possessiones confirmat, privilegia instituit. Autogr. in tab. nat. Paris. L. 230.
733 1384 1553 1442 n. 22. — „Omne datum optimum“.
684 1435 2653 1503 10898 (7304) Monasterii SS. Facundi et Primitivi Sahagunensis protectionem suscipit,
161 1424 638 1510 „ 19.  ap. Corma-
733 1490 2653 1554 possessionesque ac privilegia confirmat, petente Dominico abbate. Escalona Hist. de
435 1490 574 1550 rium
733 1545 1707 1603 Sahagun p. 543. — „Ad hoc universalis“.
680 1598 2649 1662 10899 (7305) Henricum, archiepiscopum Remensem, monet, ne latorem huius epistolae,
163 1578 645 1678 „ 24. ap. Dolense
729 1649 2653 1713 ab O(ddone) S. Nicolai in carcere Tulliano diacono cardinali absolutum, iterum ex-
355 1651 649 1808 werestenum
731 1709 2649 1777 communicet. Martene Coll. II. 667, Migne 200 p. 244. — „Cum praesentium lator“.
687 1764 2651 1828 10900 (7306) Monasterii Guixalensis protectionem suscipit, possessionesque ac privilegia,
163 1751 344 1839 „ 25.
468 1782 552 1888 „
735 1815 2653 1883 petente Berengario abbate, confirmat. Marca Marca Hisp. p. 1336, De la Canal Esp.
735 1872 2653 1945 sagr. XLV. 338, Aguirre Conc. V. 81, Vepes Coronica general III. app. p. 27“,
733 1927 1911 1987 Migne 200 p. 245 — „Piae postulatio voluntatis“.
684 1985 2653 2047 10901 (7307) Henricum, archiepiscopum Remensem, hortatur, ut O. monachum, qui e
128 1958 344 2100 Lal. 8.
470 1961 552 2062 „
733 2042 2651 2106 monasterio discesserit, in monachorum numerum recipiat. Martene Coll. II. 668,
733 2089 1727 2164 Migne 200 p. 247. — „Operibus pietatis“.
684 2144 2655 2226 10902 Monasterii S. Lacuti de Insula-maris possessiones confirmat, petente Henrico
452 2133 567 2292 („)
159 2133 344 2228 „ 6.
733 2206 2651 2267 abbate. Ex ms. lat. 17092. f. 180 et ms. fr. 22325. f. 646 in bibl. nat. Paris.
740 2259 2653 2329 Misit Delisle. (Cf. supra 10874. Eademne est?) — „Monasterium“ (an corr. „Desi-
733 2318 989 2376 derium“ ?).
684 2367 2649 2435 10903 (7308) Henrico, archiepiscopo Remensi, de quibusdam civibus Atrebatensibus,
159 2360 344 2446 „ 7.
452 2360 561 2475 „
735 2426 2651 2488 „qui multo tempore curiam secuti iustitiam super diffamatione sua instantius obtule-
733 2482 2651 2539 rint“, mandat, „ut factum ipsum plenius inquirat et sibi studeat intimare“. Martene
731 2528 2651 2599 Coll. II. 668, Bouquet Rec. XV. 799, Migne 200 p. 247. — „Fervorem tuae sin-
731 2590 1011 2654 cerissimae“.
684 2634 2653 2709 10904 (7309) Ludovico, Francorum regi, monachos S. Maximini, „quos vitae turpioris
165 2627 346 2725 „ 11.
459 2638 565 2758 „
731 2703 2651 2762 conversatio et sui abbatis interemptio diffamassent“, per monasteria divisos, aliosque
737 2753 2649 2815 in eorum locum substitutos nunciat; quos tutelae eius commendat. Duchesne Hist.
733 2811 2644 2873 Fr. SS. IV. 628, Bouquet Rec. XV. 800, Mansi XXI. 1026, Migne 200 p. 248. —
733 2868 1440 2926 „Apostolicae amministrationis“.
687 2915 2651 2983 10905 Iohanni, archiepiscopo Toletano, primatum super Bracarensem et Compostel-
167 2917 346 2998 „ 11.
459 2912 563 2994 „
735 2976 2651 3036 lanensem provincias asserit, revocans exemptionis privilegium ab Anastasio IV. eccle-
735 3023 2653 3091 siae Compostellanensi concessum. Pflugk-Harttung Iter p. 265. — „Cum pro cele-
733 3089 972 3149 bratione“.
689 3135 2649 3202 10906 (7310) Ludovico, Francorum regi, per P. capellanum et H. eleemosynarium suum
165 3102 351 3217 „ 15.
455 3118 561 3274 „
733 3186 2649 3255 mittit „litteras a nunciis (Manuelis) Constantinopolitani imperatoris, qui ad S. Aegi-
735 3250 2646 3308 dium applicuerant“, allatas; „in quibus continetur“ inquit „quod ex parte eiusdem
733 3305 2649 3367 imperatoris quaedam dictu accommoda et ad utilitatem respicienda nobis tantum et
735 3358 2649 3420 excellentiae tuae deferunt proponenda“. Mitti cupit, qui imperatoris nuncios per
733 3414 2646 3491 Galliam deducant. Duchesne Hist. Fr. SS. IV. 612, Bouquet Rec. XV. 801, Mansi
737 3464 1959 3568 XXI. 1005. Migne 300 p. 248. — „Dum in mente“.
2288 3513 2383 3608 22*
916 150 1844 245 ALEXANDER III. 1159—1181.
2529 156 2653 253 171
