3007 3975
307 170 426 247 172
852 309 2403 395 1163. (Ind. 11, pont. a. 4. — 20. Sept. — 5, 1162. — 25. Mart. — 1163.)
322 364 543 463 lul. 17.
883 388 2850 468 10907 *Monasterii S. Mariae Quinciacensis possessiones confirmat. Quantin Cart. gén.
934 450 1400 505 de I'Vonne II. 295.
368 485 841 574 „ 18. ap. Dolense
883 501 2850 567 10908 (7311) Humberto de Bello-ioco et filiis eius comiti Forensi, comiti Matisconensi,
554 552 852 653 monasterium
927 563 2850 624 loceranno Grosso, Hugoni de Berziaco, Hugoni de Sarciaco „et ceteris, qui Clunia-
934 607 2850 675 censis ecclesiae pacem iuratam conservaverint“, unum poenitentiae susceptae annum
934 666 2847 735 remittit. Bullar. Cluniac. p. 74, Bouquet Rec. XV. 801, (Bibl. Cluniac. app. p. 158,
941 722 1988 781 Migne 200 p. 249). — „Et praesentis vitae“.
362 764 545 872 „ 20.
667 788 757 887 „
885 775 2854 839 10909 (7312) S(tephanum) abbatem et fratres Cluniacenses hortatur, ut de possessio-
934 836 2852 894 nibus quibusdam transigant cum canonicis b. Mauritii Turonensis, aut „proximo festo
936 885 2850 947 b. Lucae“ (18. Oct.) ad sese veniant, aut rem Henrico, archiepiscopo Remensi, de-
936 947 2852 1007 cernendam comittant. Martene Coll. II. 669, Migne 200 p. 250. — „Significaverunt
932 995 1104 1062 nobis“.
366 1035 545 1135 „ 22.
676 1046 751 1223 „
885 1040 2852 1115 10910 (7313) Henrico, archiepiscopo Remensi, significat, de ecclesia Catalaunensi cum
936 1108 2852 1168 Ludovicum, Francorum regem, dissentire cum co comperisset, se rem in „festum b.
936 1161 2854 1225 Lucae“ (18. Oct.) distulisse. Hortatur, ut abbati S. Bertini (Sithiensis) „alteram de
936 1219 2847 1285 duabus procurationibus suis remittat“. Martene Coll. II. 670, Bouquet Rec. XV. 802,
938 1269 2118 1340 Migne 200 p. 250. — „Ex inspectione litterarum“.
366 1316 550 1413 „ 23.
684 1263 748 1413 „
892 1318 2852 1389 10911 (7314) Ecclesiae Burgensis possessiones libertatemque, petente Petro episcopo,
936 1389 2854 1442 confirmat. Florez Esp. sagr. XXVI. 473, Migne 200 p. 251. — „Cum ex iniuncto“.
364 1406 547 1510 „ 26.
676 1417 753 1556 „
890 1431 2852 1499 10912 (7315) Archiepiscopo Toletano praecipit, ne, mortuo archiepiscopo Tarraconensi,
941 1484 2854 1563 „in Tarraconensi provincia in ordinandis ecclesiis nec in electionibus vacantium eccle-
936 1548 2854 1605 siarum faciendis auctoritatem suam interponat, neu ibi aliqua primatiae iura attentet
941 1605 2854 1662 exercere, donec causa, quae inter ecclesiam eius et illam vertatur, ad ipsius audi-
938 1649 2856 1724 torium deferatur“. Marca Marca Hisp. p. 1338, Aguirre Conc. V. 82, Mansi XXI.
943 1711 2361 1779 1060, Migne 200 p. 254. — „Fraternitatis tuae prudentiam“.
368 1744 550 1848 „ 26.
671 1764 757 1890 „
892 1768 2858 1830 10913 (7316) Canonicos Pampilunenses hortatur, ut intra menses duos episcopum eli-
943 1821 2856 1892 gant, electumque creando archiepiscopo Tarraconensi praesentent. Marca Marca Hisp.
941 1870 2856 1952 p. 1338, Aguirre Conc. V. 82, Mansi XXI. 1061, Migne 200 p. 254. — „Sacro-
941 1936 1336 1996 sanctis ecclesiis“.
364 1949 550 2084 „ 26.
671 1974 768 2111 „
890 1980 2856 2047 10914 (7317) Monasterii S. Mariae de Eleemosyna protectionem suscipit possessiones-
943 2044 2854 2104 que ac iura confirmat, petente Philippo abbate. Bernier Hist. de Blois Pr. p. 20,
943 2093 2193 2161 Migne 200 p. 255. — „Religiosam vitam eligentibus“.
366 2131 554 2219 „ 26.
673 2122 771 2270 „
890 2139 2856 2212 10915 I(oscio) archiepiscopo Turonensi scribit de „subiectione puellarum S. Petri Turo-
941 2203 2856 2272 nensium“. Ex cartul. archiep. Turon. p. 75 in Arch. de IIndre et Loire in Tours.
941 2259 1807 2318 Misit Delisle. — „Perlate ad sedem“.
368 2303 552 2387 „ 28.
667 2314 773 2391 „
890 2312 2856 2380 10916 Pacem inter Cluniacensem et Forensem ecclesias iuratam confirmat. (Pro „Dat.
941 2369 2854 2438 ap. Briolense monasterium“ lege: „ap. Dolense mon.“.) Ex chartul. Cluniac. n. 49
943 2426 1718 2484 in bibl. nat. Paris. Misit Delisle.
366 2475 547 2552 „ 28.
662 2479 771 2557 „
890 2473 2856 2541 10917 (7318) Ad Ludovicum, Francorum regem, mittit W(illelmum) monachum Mori-
945 2541 2856 2597 mundensem cum litteris Welfonis ducis, quas ex regno Teutonico ad sese detulerit.
943 2590 2856 2652 Rogat, ut „in eo, quod ex relatione ipsius iuxta earundem litterarum tenorem cogno-
943 2647 2856 2709 verit, secundum quod viderit expedire, procedat“. Duchesne Hist. Fr. SS. IV. 624,
943 2698 2856 2764 Bouquet Rec. XV. 802, Mansi XXI. 1021, Migne 200 p. 256. — „Dilectus filius
941 2753 1126 2822 noster“.
333 2753 550 2903 Lar 1.
605 2749 821 2892 Bitarici
890 2804 2856 2870 10918 (7319) H(enrico), archiepiscopo Remensi, mandat, compellat comitem Registeten-
943 2866 2856 2932 sem, ut ecclesiam Laudunensem vexare exactionibus desinat. Martene Coll. II. 672,
943 2915 2554 2987 Bouquet Rec. XV. 803, Migne 200 p. 257. — „Ex transmissa nobis“.
362 2965 550 3049 „ 2.
673 2970 766 3065 „
890 2972 2856 3040 10919 Monasterii S. Kiliani Lambacensis protectionem suscipit bonaque et privilegia
943 3032 2856 3089 confirmat, petente Bernardo abbate. Pez SS. R. Austr. II. 43, Urkundenbuch des
945 3082 2246 3146 Landes ob der Enns II. 324. — „Desiderium, quod ad“.
362 3118 550 3204 „ 4.
676 3124 771 3221 „
894 3142 2854 3202 10920 Monasterii Gemeticensis tutelam suscipit, possessionesque et privilegia confirmat,
945 3186 2852 3261 petente Petro abbate. In bibl. nat. Paris. Coll. Moreau t. 72. f. 21, (Neues Archiv
950 3250 1886 3319 VII. 97). — „Piae postulatio voluntatis“.
366 3290 554 3363 „ 5.
676 3301 766 3376 „
894 3303 2852 3367 10921 *Ecclesiae Senonensis tutelam suscipit, eiusque possessiones ac privilegia con-
943 3363 2713 3416 firmat, petente Hugone archiepiscopo. Quantin Cart. gén. de l'Vonne I. 540.
357 3405 554 3546 „ 1.
660 3411 766 3509 „
894 3405 2852 3493 10922 (7320) *Monasterii Floriacensis privilegia confirmat. (Pro „VII. kal. Aug.“ leg.
945 3460 2068 3568 „VII. Id. Aug.“.) Saussey Annal. Aurel. p. 201.
1115 152 2041 249 ALEXANDER III. 1159—1181.
