3007 3975
662 293 2220 393 1163. (Ind. 11, pont. a. 4. — 20. Sept. — 5, 1162. — 25. Mart. — 1163.)
695 377 2668 446 10923 (7321) Ludovico, Francorum regi, (Arraudum) abbatem S. Benedicti super Lige-
406 364 620 463 Bituricis
148 346 357 465 Ang. 7.
746 441 2666 501 rim (Floriacensem) commendat. Duchesne Hist. Fr. SS. IV. 613, Bouquet Rec. XV.
744 492 2454 552 803, Mansi XXI. 1006, Migne 200 p. 258. — „Dilectum filium nostrum“.
695 543 2671 609 10924 (7322) Henrico, archiepiscopo Remensi, mandat, ut Petrum et Ric. ab iniuriis
176 545 355 618 „ 8.
483 547 574 627 „
742 605 2655 677 Guidonis de Castellione defendat. Martene Coll. II. 673, Migne 200 p. 258. —
746 660 1153 726 „Cum Guido de“.
693 702 2666 775 10925 Ecclesiam sanctae Crucis Colimbriensem tuendam suscipit, eiusque bona et iura
174 708 357 797 „ 16.
481 702 576 808 „
744 766 2666 832 confirmat, petente Iohanne priore. Portugalliae Mon. hist. SS. I. 74. — „Ad hoc
742 821 1029 887 universalis“.
695 874 2668 942 10926 Ecclesiae S. Mariae de Deflorios (? aut Reflorios?) possessiones iuraque con-
178 872 357 949 „ 18.
486 881 576 949 „
742 934 2668 991 firmat, petente Gonsalvo priore. Pflugk-Harttung Iter p. 265. — „Ad hec universalis“.
695 989 2668 1048 10927 (7323) Ludovico, Francorum regi, significat, unum nunciorum imperatoris Con-
176 991 355 1071 „ 20.
479 989 581 1104 „
746 1044 2666 1106 stantinopolitani ap. S. Aegidium valetudine retineri, alterum ad sese accedere. „Quia
748 1099 2671 1163 vero“ inquit „quoddam verbum secretum nobis et tibi tantum habet proponere, volun-
746 1152 2668 1214 tatis illius est, quod in aliquo loco praesentes simus, ut verbum pariter audiamus“.
746 1210 2668 1269 Qua de re quid ei videatur, quaerit. Duchesne Hist. Fr. SS. IV. 619, Bouquet Rec.
748 1263 2483 1327 XV. 803, Mansi XXI. 1013, Migne 200 p. 259. — „Cum ex multis aliis“.
695 1318 2668 1380 10928 (7324) Henrico, archiepiscopo Remensi, mandat, ut Gualterio diacono capellaniam
176 1305 360 1395 „ 23.
483 1318 578 1450 „
746 1371 2668 1444 de Maceio restitui a canonicis Remensibus iubeat. Martene Coll. II. 673, Migne 200
746 1422 1617 1497 p. 259. — „Veniens ad apostolicam“.
695 1481 2668 1548 10929 (7325) Henrico (archiepiscopo Remensi) respondet, militi, „qui in torneamento
176 1466 360 1559 „ 23.
483 1468 581 1638 „
748 1541 2668 1603 decesserit, sepulturam ecclesiasticam indulgendam“ non esse. Martene Coll. II. 674,
746 1592 2668 1658 Bouquet Rec. XV. 804, Mansi XXI. 1074, Migne 200 p. 260. — „Litteras tuas
744 1645 936 1715 debita“.
695 1698 2668 1764 10930 (7326) Ludovico, Francorum regi, significat, alterum nunciorum imperatoris Con-
174 1698 357 1784 „ 25.
479 1707 585 1797 „
748 1760 2666 1824 stantinopolitani „illud secretum verbum communiter ipsi et regi propositum“ voluisse.
748 1815 2671 1874 Se vero, ut nuncius antea ad regem accederet, decrevisse, „ne“ inquit „ei quodam-
746 1870 2668 1936 modo occurrere videreris“. Duchesne Hist. Fr. SS. IV. 614, Bouquet Rec. XV. 804,
751 1927 2253 1983 Mansi XXI. 1007, Migne 200 p. 260. — „Sicut per servientem“.
698 1972 2671 2040 10931 Arraudo abbati et fratribus S. Benedicti super Ligerim (Floriacensis) asserit
176 1954 357 2055 „ 27.
483 1949 583 2053 „
751 2040 2668 2097 ecclesiam S. Iterii Soliacensem, ab Helia, b. m. episcopo Aurelianensi, concessam.
746 2082 2483 2148 In bibl. nat. Paris. ms. lat. 12739. f. 474. — „Iustis petentium desideriis“.
695 2137 2666 2208 10932 (7327) Henrico, archiepiscopo Remensi, respondet, de electione in ecclesia Cata-
172 2111 357 2217 „ 28.
479 2124 585 2274 „
748 2199 2666 2270 launensi facta etsi Ludovico Francorum regi placuerit, se tamen ante diem prae-
748 2248 2662 2325 stitutam non posse constituere. Martene Coll. II. 674, Bouquet Rec. XV. 805,
748 2303 1710 2376 Migne 200 p. 261. — „Ex litteris tuae“.
698 2362 2666 2431 10933 (7328) Ludovico, Francorum regi, scribit, se eos ecclesiae S. Maximini fratres,
136 2332 362 2444 Sept. 1.
477 2351 585 2497 „
748 2420 2668 2491 qui „illud flagitiosum faoinus de abbate suo perpetrassent“, per monasteria disper-
748 2477 2668 2532 tiisse, in eorumque locum alios substituisse. Quos ut ab adversariorum tueatur in-
748 2524 2668 2597 iuriis, rogat. Duchesne Hist. Fr. SS. IV. 623, Bouquet Rec. XV. 805, Mansi XXI.
753 2579 2072 2643 1019, Migne 200 p. 261. — „Ab excellentis serenitatis“.
700 2638 2666 2705 10934 (7329) H(ugoni), episcopo Suessionensi, scribit haec: „De his, quae nobis P.
172 2627 360 2711 „ 2.
488 2643 576 2716 „
748 2694 2666 2758 ecclesiae b. Aniani decanus retulit, de hoc videlicet, quod circa Ludovicum, illustrem
748 2753 2668 2811 Francorum regem, habere dinosceris sollicitudinem, pariter nos habere noveris et
748 2809 2664 2868 cautelam, nec quisquam ad hoc nos inducere poterit, quod collata tibi dignitas seu
748 2855 2666 2921 officium per nos minui debeat vel auferri“. Duchesne Hist. Fr. SS. IV. 593, Bouquet
751 2910 2668 2972 Rec. XV. 806, Mansi XXI. 980, Migne 200 p. 262. — „Universos ecclesiae filios“.
702 2968 2666 3029 10935 (7330) (Gilberto), episcopo Londinensi, mandat, hortetur Henricum, Anglorum
178 2970 364 3043 „ 4.
479 2968 578 3040 „
751 3027 2666 3087 regem, ut ecclesias „sinceriori affectu diligat, manuteneat, atque ad earum libertatem
748 3082 2666 3138 diligentius, quam consueverit, studeat et intendat“. Monet, ne „de cetero carni suae
748 3133 2666 3199 nimiam austeritatem indicat, sed modico vino et temperato utatur et carnibus ali-
753 3180 2668 3263 quando“. Gilberti Foliot epistolae ed. Giles II. 85, Migne 200 p. 263. — „Quanto
751 3244 1062 3308 maiorem in“.
704 3294 2671 3365 10936 Coronensi et Cellensi abbatibus mandat, ut quosdam testium a fratribus S. Crucis
176 3279 371 3422 „ 4.
466 3290 589 3498 „
755 3354 2666 3414 Burdegalensibus et monachis S. Macharii citatorum, qui valetudinis causa ad sese
757 3409 2668 3480 accedere non potuerint, recipiant eorumque „depositiones“ sibi transmittant. Archives
762 3464 2337 3564 histor. de la Giromde I. 216. — „Quum (an Quoniam?) dilecti filii“.
925 141 1855 234 ALEXANDER III. 1159—1181.
2540 150 2668 245 173
