3007 3975
658 304 2220 386 1163. (Ind. 11, pont. a. 4. — 20. Sept. — 5, 1162. — 25. Mart. — 1163.)
128 353 351 468 Oct. 21.
408 342 603 525 Sent.
687 379 2660 448 10950 Monasterii de Scarleiis protectionem suscipit, possessionesque et privilegia con-
735 435 2657 507 firmat, petente Theobaudo abbate. Quantin Cart. gén. de I'Vonne II. 148. — „Desi-
733 494 1151 565 derium quod ad“.
165 532 346 633 „ 23.
472 556 565 627 „
687 543 2660 618 10951 Monasterii S. Mariae Perseniensis tutelam suscipit, possessionesque ac decumarum
737 609 2662 671 immunitatem confirmat, petente Erardo abbate. Fleury Cartul. de l'abb. cistercienne
735 660 1816 719 de Perseigne p. 90. — „Desiderium quod ad“.
167 702 346 812 „ 26.
457 713 565 801 „
687 711 2662 786 10952 (7341) Thomam, archiepiscopum Cantuariensem, hortatur, ut angustias fortiter
737 777 2660 834 ferat, et „si illi, qui eum appellaverint, forte veniant, per se ipsum, si ei visum
740 825 2657 892 fuerit, appellationem ipsam prosequatur“. Promittit, se iura ecclesiae eius tuiturum.
740 885 2660 945 Monet, ut „se in Cantuariensem ecclesiam recipiat et, paucis quidem retentis ad-
737 931 2660 1000 modum necessariis, ad minus quam poterit per terram illam discurrat, et ut nullius
737 989 2657 1051 timoris vel adversitatis obtentu, iuri et dignitati ecclesiae suae abrenunciare cogatur“.
740 1048 2657 1110 Epist. S. Thomae ed. Lupus p. 28, ed. Giles II. 4, Mansi XXI. 872, Migne 200
735 1106 2118 1168 p. 271; cf. Reuter I. 557. not. g. — „Litteras, quas nobis“.
459 1106 574 1245 („)
689 1154 2662 1221 10953 (7362) Rogerum, archiepiscopum Eboracensem, hortatur, ut „sicut nec ante con-
737 1216 2660 1276 cessionem suam crucis per totam Angliam ante se deferendae in ipso effectu digni-
735 1272 2662 1329 tate huiusmodi usus sit, ita ea nimirum non utatur, quousque controversia, quae
740 1318 2662 1386 super hoc vertatur, debitum recipiat complementum“. Epist. S. Thomae ed. Lupus
737 1373 2653 1450 p. 24, ed. Giles II. 43, Migne 200 p. 283. De tempore cf. Reuter I. 549 sq. —
737 1426 1137 1497 „Pro illa animi“.
130 1468 346 1570 Nov. 2.
468 1486 570 1565 „
687 1484 2662 1552 10954 T(heoderico) episcopo et R(adulfo) decano Ambianensi mandat, inducant fratres
740 1541 2662 1605 Maforis-monasterii in possessionem decimae cuiusdam, P(etro) abbati S. Richarii ab-
740 1607 2200 1658 iudicatae. Loewenfeld Epistolae p. 134. — „Cum causa quae“.
165 1649 346 1737 „ 9.
470 1647 574 1729 „
689 1649 2662 1713 10955 (7342) Gilberto, episcopo Londinensi, mandat, „quoniam inter Henricum, Anglo-
740 1715 2662 1775 rum regem, et Anglicam ipsam ecclesiam scintilla cuiusdam indignationis emicuerit,
740 1764 2660 1828 ut ad eam extinguendam iugiter elaboret, et ipsius regis animum in pacis et con-
742 1817 2660 1883 cordiae statum reducat“. Gilberti Foliot epistolae ed. Giles II. 92, Migne 200 p. 272.
742 1877 1398 1941 — „Quoniam de honestate“.
161 1919 346 1996 „ 9.
468 1923 578 2093 „
687 1916 2662 1989 10956 (7343) (Gisbertum) magistrum hospitalis domus Hierosolymitanae monet, ne
740 1987 2660 2053 „Petrum, dictum Alamannum, priorem hospitalis domus S. Iohannis Constantinopoleos,
742 2040 2662 2100 qui ibidem in servitio Dei, ad honorem quoque carissimi in Christo filii sui Con-
740 2097 2662 2157 stantinopolitani imperatoris non modico fuerit tempore commoratus, contra voluntatem
740 2150 2662 2208 et bcneplacitum eiusdem imperatoris ab ipso prioratu retrahat, neve ad suam prae-
737 2203 2662 2265 sentiam revocet“. Duchesne Hist. Fr. SS. IV. 626, Bouquet Rec. XV. 809, Migne 200
740 2254 1573 2325 p. 273. — „Ea, quae ad honorem“.
167 2301 351 2398 „ 22.
483 2314 558 2391 „
693 2314 2662 2380 10957 Monasterii Vallislucentis possessiones et privilegia confirmat, petente Petro abbate.
740 2365 2255 2426 Quantin Cart. gén. de l'Vonne II. 156. — „Desiderium quod ad“.
466 2400 576 2513 („)
691 2420 2662 2488 10958 (7363) Rogero, archiepiscopo Eboracensi, et canonicis Eboracensibus scribit, ne
740 2475 2662 2539 archiepiscopus „in provincia Cantuariensis ecclesiae crucem ullatenus deferat, neve
742 2532 2662 2592 ullius appellationis obtentu id aliqua occasione attentet“. Epist. S. Thomae ed. Lupus
742 2585 2662 2658 p. 121, ed. Giles II. 44, Migne 200 p. 161 et 283. De tempore cf. Reuter I. 549sq.
748 2647 1489 2709 — „Decet prudentiam vestram“.
130 2674 355 2769 Dec. 16.
472 2716 574 2760 „„)
693 2689 2662 2764 10959 (7344) W. priorem et fratres ecclesiae Cantuariensis laudat, quod Thomae archi-
740 2751 2662 2815 episcopo „in negotiis ecclesiae ferventer adsistant et eius tribulationibus et angustiis
740 2811 2664 2875 compatientes, consilium ei et auxilium libentius ministrent“. Haec addit: „Con-
742 2862 2662 2928 fidimus, quod ille, in cuius manu corda regum sunt, Henrici Anglorum regis animum
742 2917 2662 2990 circa archiepiscopum mitigabit“. Gilberti Foliot epist. ed. Giles II. 69, Migne 200
742 2979 1637 3040 p. 273. — „Venerabilis frater noster“.
170 3018 353 3100 „ 19.
468 3027 572 3109 „
698 3023 2662 3087 10960 B(ertrando) archiepiscopo Burdegalensi significat, sese indutias fratribus S. Ma-
746 3087 2664 3149 charii concessas (vide supra ep. 10937) non posse iterum prolongare, causamque ita
746 3138 2662 3199 a sese terminatam esse, ut ecclesia eorum „perpetuo debeat in subiectione et obe-
744 3193 2662 3252 dientia monasterii S. Crucis Burdegalensis permanere“. Rogat, ne fratribus S. Crucis
746 3244 2664 3310 pro eo irascatur, quod litem non in archiepiscopi, sed in Romana curia tractari
742 3297 2346 3358 fecerint. Archives hist. de la Gironde I. 220. — „Cum in omnibus“.
176 3345 355 3427 „ 25.
483 3347 565 3431 „
695 3350 2618 3414 In ecclesia S. Columbae „die natalis Domini“. Annal. S. Columbae Senon. 1164 I. I.
174 3411 355 3495 „ 31.
457 3407 576 3498 „
695 3405 2657 3489 In ecclesia S. Columbae, cum Ludovico Francorum rege, „solemnitate S. Columbae“.
748 3460 1588 3564 Annal. S. Columb. Senon. 1164 I. I.
916 143 1851 249 ALEXANDER III. 1159—1181.
2538 154 2660 242 175
