3007 3975
307 159 428 240 176
848 304 2403 406 1163. (Ind. 11, pont. a. 4. — 20. Sept. — 5, 1162. — 25. Mart. — 1163.)
318 351 541 527 p. 81
581 359 810 532 SStnt
881 382 2847 463 10961 Ecclesiae S. Andreae apostoli in Scotia protectionem suscipit, ac disciplinam,
934 452 2847 518 possessiones, privilegia confirmat, petente Galtero abbate. Liber cartarum S. Andreae
927 501 1610 576 p. 53. — „Quotiens illud a“.
667 549 751 691 „
879 558 2850 624 10962 *Guillelmum comitem (Nivernensem) ab iniuriis in monasterium Vizeliacense
927 618 2847 677 dehortatur. Vide Hugonis Pictav. Hist. Vizel. ap. D'Achery Spic. II. 543, in MG.
930 673 1316 730 SS. XXVI. 149.
883 726 2847 792 10963 Moysi abbati et fratribus S. Albani iura quaedam asserit. (Fragmentum.) Anc.
925 772 2074 841 évéchés de Bret. III. 36, (Gall. Chr. XIV. 1115).
883 839 2850 903 10964 *Monasterii Formoselensis tutelam suscipit, possessionesque ac privilegia con-
930 894 2847 969 firmat. Recueil de chroniques etc. de la Flandre occident., Chronicon Vormeselense
930 940 1093 1018 p. 29.
848 1002 1195 1108 1163— 1164.
318 1095 543 1190 Oct. 5.
598 1101 799 1190 Senonis
881 1093 2850 1172 10965 (7345) Abbati S. Remigii Remensi causam T. clerici et cognoscendam et diiu-
930 1161 2845 1236 dicandam mandat. Martene Coll. II. 693, Migne 200 p. 274. — „Veniens ad nos T.“
351 1221 536 1296 „ 8.
667 1221 753 1294 „
883 1227 2850 1289 10966 (7346) H(ugoni), episcopo Suessionensi, mandat, cogat Gil. et Hauguidim uxorem,
932 1278 2852 1336 ut aut in curia (Amalrici) episcopi Silvanectensis, aut praesente B(artholomaeo), epi-
932 1331 2852 1391 scopo Bellovacensi, de possessionibus ecclesiae Silvanectensis detentis rationem red-
932 1378 2847 1453 dant. Duchesne Hist. Fr. SS. IV. 612, Bouquet Rec. XV. 807, Mansi XXI. 1004,
936 1435 2094 1510 Migne 200 p. 275. — „Venerabilis frater noster“.
353 1457 541 1572 „ 11.
665 1470 764 1620 „
881 1490 2852 1559 10967 Fratribus Latiniacensibus significat, nec ipsum nec successores suos auri unciam
932 1548 2852 1612 ab eis exacturos esse, quam secundum „scriptum quoddam librorum apostolicae sedis“
932 1607 2852 1671 Lateranensi palatio annuatim debeant. Loewenfeld Epistolae p. 134. — „Invento in
934 1667 1159 1720 quodam“.
357 1713 543 1788 „ 16.
660 1704 760 1835 „
883 1698 2852 1777 10968 Donationes factas infirmis fratribus ecclesiae S. Aegidii apud Pontem Audomari
932 1762 2854 1832 confirmat. Ex chartul. S. Aegidii bibl. Rotomag. Misit Delisle; Coll. Baluze t. 120.
932 1828 2852 1885 f. 77 in bibl. nat. Paris., (Neues Archiv VII. 98). — „Iustis petentium desideriis“.
355 1872 541 1958 „ 18.
665 1877 760 2000 „
883 1883 2850 1947 10969 (7347) Ludovicum, Francorum regem, hortatur, ut quem Petrus, frater eius,
934 1936 2852 1996 ceperit, hominem ecclesiae S. Mariae de Porta S. Leonis, dimittat, ablataque eidem
936 1994 2854 2058 reddi iubeat. Duchesne Hist. Fr. SS. IV. 628, Bouquet Rec. XV. 808, Mansi XXI.
934 2042 2163 2113 1026, Migne 200 p. 275. — „Conquesti nobis sunt“.
355 2086 541 2179 „ 23.
660 2086 760 2212 „
883 2100 2854 2159 10970 (7348) Ludovicum, Francorum regem, hortatur, ut ad ecclesiae Brivatensis con-
932 2157 2854 2217 cordiam restituendam bonaque conservanda „a primo consilio non recedat“. Duchesne
934 2212 2850 2270 Hist. Fr. SS. IV. 627, Bouquet Rec. XV. 809, Mansi XXI. 1025. — „Dilecti filii nostri“.
357 2245 541 2347 „ 27.
662 2276 762 2387 „
881 2256 2852 2332 10971 Balduino abbati et fratribus S. Mariae Dei-oci asserit partem terrae Beisciae,
932 2314 2852 2380 a monachis de Caritate apud S. Sindronium commorantibus affectatam. Quantin
934 2378 2209 2444 Cartul. gén. de I'Vonne II. 138. — „Cum vos pariter“.
326 2411 543 2521 Nov. 5.
656 2415 760 2508 „
883 2418 2852 2488 10972 (7349) Henricum, archiepiscopum Remensem, aegrotare dolet. Litteras poscit.
934 2482 2852 2555 Martene Coll. II. 694, Bouquet Rec. XV. 826, Migne 200 p. 276. — „Auditu audi-
936 2541 1117 2603 vimus“.
360 2590 539 2691 „ 6.
662 2581 766 2683 „
881 2581 2852 2654 10973 (7350) Ludovico, Francorum regi, scribit, quae per R. priorem S. Medardi pe-
934 2650 2850 2709 tiisset, ea se libenter fecisse. Duchesne H. Fr. SS. IV. 616, Bouquet Rec. XV. 827,
934 2698 2350 2762 Mansi XXI. 1010, Migne 200 p. 277. — „Cum ad officium“.
360 2749 541 2870 „ 6.
653 2667 760 2870 „
885 2756 2850 2820 10974 (7351) A Ludovico, Francorum rege, petit, ut in monasterio Ferrariensi, a sese
934 2813 2852 2875 consecrato, „anniversario die consecrationis nundinas constituat; et principibus, baro-
934 2868 2850 2928 nibus et ceteris de regno prohibeat (praecipiat?), ut, his, qui ad nundinas acces-
934 2919 2847 2981 serint, si quis iniuriam inferre praesumat, digna poena eum censeant puniendum“.
936 2974 2850 3047 Duchesne Hist. Fr. SS. IV. 618, Bouquet Rec. XV. 809, Mansi XXI. 1012, Migne 200
936 3034 1699 3098 p. 277. — „Quanto gloriam et“.
355 3078 541 3193 „ 9.
671 3085 751 3215 „
883 3076 2850 3157 10975 (7352) Ludovicum, Francorum regem, rogat, ut priori domus hospitalis, apud
934 3142 2850 3202 Cerel. sitae, licentiam concedat itineris in Angliam suo mandatu faciendi. Duchesne
934 3188 2847 3263 Hist. Fr. SS. IV. 606, Bouquet Rec. XV. 810, Mansi XXI. 996, Migne 200 p. 278.
941 3259 1608 3312 — „Cum dilectum nostrum“.
349 3290 545 3420 „ 10.
653 3299 768 3509 „
885 3290 2850 3367 10976 (7353) Ludovicum, Francorum regem, rogat, ut controversiam Adami et Gregorii
934 3356 2847 3420 fratrum super domo quadam diiudicari ab aequo iudice iubeat. Duchesne Hist. Fr.
934 3411 2847 3500 SS. IV. 612. Bouquet Rec. XV. 810, Mansi XXI. 1005, Migne 200 p. 278. — „Decet
936 3473 1440 3573 regiam excellentiam.
1115 156 2039 247 ALEXANDER III. 1159—1181.
