3007 3975
667 284 1007 371 1163—1164.
704 357 2673 435 10977 Martino, abbati S. Vedasti, praecipit, ne (Andreae) episcopo Atrebatensi obe-
424 337 618 525 Sn
143 337 276 441 Nov.
748 426 2673 485 dientiam vel subiectionem promittat. Guimann Cart. de S.-Vaast d'Arras p. 84:
751 474 2671 549 „„ .  id. Nov.“; Tailliar Rech. p. s. à Ihist. de St.-Vaast p. 385 teste Wauters Table
753 536 2545 594 chronol. II. 446: „id. Nov.“, cf. supra ep. 9694. — „Licet venerabilis frater“.
704 585 2673 649 10978 Abbatem S. Vedasti Atrebatensem a fratribus monasterii eligi iubet, quod nulli
751 647 2675 704 nisi sedi Romanae obedientiam debeat. Tailliar Rech. p. s. à l'hist. de St.-Vaast
751 693 1805 757 p. 385 teste Wauters Table chronol. II. 449.
707 748 2675 814 10979 Concambium inter fratres militiae templi et Landrium abbatem fratresque Mauri-
181 717 366 863 „ 18.
492 744 570 861 „
757 814 2673 870 niacenses super villis et terris de Sauceis factum confirmat. Autograph. in tabular.
755 861 2014 925 nation. Paris. L. 231. — „Iustis petentium desideriis“.
707 918 2675 980 10980 Fratribus Marcianensibus asserit altare de Masengarba, ab Hen(rico) archiepi-
181 907 364 1000 „ 19.
490 912 574 993 „
753 978 2673 1035 scopo Remensi et God(escalco) quondam episcopo Atrebatensi de manibus magistri
748 1029 2671 1099 Gisleni recuperatum. Pflugk-Harttung Acta I. 236. — „Iustis postulantium desideriis“.
707 1082 2673 1150 10981 Hu. abbati et capitulo S. Germani Parisiensis scribit, ut maioriam quandam
183 1066 364 1170 „ 26.
492 1075 576 1157 „
757 1143 2675 1205 Matheo de Villa-nova concedant. Ex necrol. S. Germ. f. 25 in bibl. nat. Par. S. Ger-
751 1196 1955 1263 mani lat. n. 1028. Misit Delisle. — „Pervenit ad“.
704 1247 2675 1309 10982 Arnulfo, episcopo Lexoviensi, significat, se comperisse, G. de Lachim, olim mona-
183 1236 364 1325 „ 28.
475 1172 576 1313 „
751 1307 2673 1366 chum Cisterciensem, e coenobio egressum, in dioecesi eius parochiales ecclesias ob-
751 1364 2673 1426 tinuisse, et in praebenda quadam filium suum instituisse, ac in ordine subdiaconatus
751 1413 2671 1475 matrimonium contraxisse. Mandat, compellat eum sub excommunicationis poena,
753 1470 2671 1530 ut ecclesias vel praebendas dimittat et in monasterium redeat. Filium vero, „si post
751 1521 2671 1590 egressum illius de monasterio genitum eum esse constiterit“, ab ecclesia removeri
755 1578 2671 1645 iubet. Liverani Spicil. Liber. p. 580, Pflugk-Harttung Acta II. 369. — „Ad audien-
748 1634 1104 1698 tiam nostram“.
704 1676 2673 1755 10983 Fratribus Gimundensibus praecipit, ut in monasterio altare erigant ad memoriam
143 1656 364 1755 Dec. 2.
479 1680 578 1824 „
753 1749 2671 1804 sepultorum in ecclesia S. Petri de Mazeris (vel Maderis), a Willelmo Ernaudi, occa-
753 1804 2671 1861 sione conversionis Azemarii fratris, concessa. Loewenfeld Epistolae p. 135. — „Quo-
753 1850 1283 1921 niam sicut accepimus“.
704 1905 2673 1972 10984 (7354) Abbatibus S. Remigii Remensis et de Eleemosyna et decano Remensi
178 1899 360 1974 „ 5.
486 1912 576 1980 „
757 1967 2671 2029 mandat, ut Remis ante „proximum festum ascensionis domini“ iudicent inter cano-
755 2022 2671 2082 nicos S. Mauricii Turonenses et fratres Cluniacenses, de praediis quibusdam litigantes.
753 2071 2361 2144 Martene Coll. II. 695, Migne 200 p. 278. — „Quoniam ex litigiosis“.
707 2128 2673 2190 10985 (7355) Ludovico, Francorum regi, significat, priorem Castrifortis sociosque ob
183 2108 362 2208 „ 6.
486 2137 581 2212 „
755 2188 2673 2245 infamiam abbati Burguliensi illatam a (Ioscio) archiepiscopo Turonensi, et (Gaufrido)
751 2241 2671 2303 episcopo Andegavensi, et abbate Maioris-monasterii excommunicatos esse. Monet,
753 2294 2671 2362 ut ecclesiam Burguliensem tueatur. Duchesne Hist. Fr. SS. IV. 607, Bouquet Rec.
755 2338 2344 2409 XV. 811, Mansi XXI. 997, Migne 200 p. 279. — „Quia de regiae“.
707 2402 2673 2466 10986 (7356) Henricum, archiepiscopum Remensem, iudicem constituit inter St(epha-
181 2391 362 2477 „ 7.
486 2409 574 2477 „
753 2457 2671 2521 num), abbatem Cluniacensem, et canonicos b. Mauricii Turonenses de possessionibus
751 2515 2668 2577 nonnullis controversiam habentes. Martene Coll. II. 696, Migne 200 p. 280. —
753 2572 1263 2630 „Causam, quae inter“.
704 2621 2671 2685 10987 (7357) Henrico, archiepiscopo Remensi, mandat, ut B. clerico erepta a fratre
183 2585 368 2687 „ 15.
490 2592 578 2691 „
751 2678 2671 2742 eius et ab Ascelino de Firmitate restitui iubeat. Martene Coll. II. 696, Migne 200
751 2727 1654 2802 p. 280. — „Constitutus in praesentia“.
707 2780 2675 2848 10988 Monasterio S. Crucis Burdigalensi ecclesiam S. Macarii asserit. (Fragmentum.)
183 2775 366 2864 „ 17.
492 2786 581 2862 „
757 2842 2357 2901 In bibl. nat. Paris. ms. lat. 12666. (Monasticon Benedict. IX.) f. 152.
707 2892 2671 2961 10989 (7358) Ludovicum, Francorum regem, rogat, ut ecclesiam S. Genovefae (Pari-
185 2879 366 2968 „ 19.
486 2906 583 2979 „
755 2952 2668 3016 siensem) a G., buticularii sui, iniuriis defendat. Duchesne Hist. Fr. SS. IV. 625,
757 3005 2671 3082 Bouquet Rec. XV. 811, Mansi XXI. 1023, Migne 200 p. 275 et 281. — „Dilectus
751 3065 1071 3118 filius noster“.
707 3113 2671 3180 10990 Domum de Popelino Senonensem tuendam suscipit, possessiones eius confirmat,
187 3069 368 3193 „ 22.
481 3115 592 3202 „
753 3173 2671 3235 decimasque a fratribus exigi vetat. Quantin Cart. gén. de l'Vonne II. 161. — „Iustis
757 3228 1250 3286 petentium desideriis“.
709 3272 2671 3339 10991 (7359) Compositionem de praebendis duabus factam inter Hugonem episcopum
187 3255 360 3343 „ 25.
481 3277 587 3363 „
753 3336 2668 3394 Suessionensem et eius capitulum confirmat. Duchesne Hist. Fr. SS. IV. 592, Bou-
755 3383 2668 3478 quet Rec. XV. 812, Mansi XXI. 979, Migne 200 p. 281, (Pflugk-Harttung It. Ital.
757 3440 1805 3551 p. Si „XII. kal. lan.). — „Cam inter te et“.
183 3486 755 3586 Regests Pont. Roman. Ed. eec. IIi.
2333 3495 2392 3608 ss
932 130 1860 223 ALEXANDER III. 1159—1181.
2540 139 2666 240 177
