3007 3975
304 152 426 251 178
843 309 1182 395 1163—1164.
311 359 534 461 Dec. 25.
587 344 790 448 Senonis
872 364 2839 450 10992 (7360) Abbates S. Nemigii et S. Nicasii Remensis iudices constituit inter od-
925 446 2839 514 donem clericum et matrem eius atque Hugonem Fabrum. Martene Coll. II. 697,
925 496 1966 558 Migne 200 p. 282. — „Causam, quae inter“.
351 545 530 620 „ 30.
640 543 760 629 „
874 556 2843 618 10993 (Willelmum) Cenomanensem et (Godefridum) Andegavensem episcopos iudices
923 611 2841 671 constituit inter S. Florentii Salmurensem et Malleonensem abbates, super parte paro-
923 660 2841 733 chiae S. Leontii litigantes. In bibl. nat. Paris. ms. lat. 12671. (Mon. Benedict. XIV.)
923 715 1674 795 f. 248. — „Causam quae inter“.
839 792 2763 876 1164. (Ind. 12. — 25. Sept. — 13, pont. a. 5. — 20. Sept. — 6, 1163. — 25. Mart. — 1164.)
313 874 530 945 Ian. 9.
592 878 790 1002 Senonis
872 883 2841 945 10994 Monasterii S. Germani de Pratis Parisiensis tutelam suscipit, possessionesque et
923 942 2839 1011 privilegia confirmat, petente Hugone abbate. Autogr. in tab. nat. Paris. L. 230.
923 998 1637 1060 n. 27. — „In eminenti beati“.
344 1037 530 1110 „ 9.
651 1044 742 1115 „
874 1042 2841 1110 10995 Monasterii Fossatensis protectionem suscipit, possessionesque et privilegia con-
923 1104 2839 1168 firmat, petente Rogerio abbate. Autogr. in tab. nat. Paris. L. 230. n. 26. — „Quo-
925 1163 1444 1225 tiens a nobis petitur“.
349 1199 534 1280 „ 21.
649 1207 746 1274 „
872 1203 2839 1278 10996 (7361) Thomae, archiepiscopo Cantuariensi, significat, se (Rogero), archiepiscopo
925 1274 2839 1333 Eboracensi, scripsisse, „ut, licet in litteris concessionis suae facultatem ei dederit
921 1327 2836 1386 crucem per totam Angliam deferendi, non tamen eam per parochiam Cantuariensem
925 1386 2839 1439 deferre praesumeret, donec causa ipsa iudiciario ordine terminaretur“. Affirmat, „in
925 1442 2839 1501 eisdem litteris concessionis hoc: per totam Angliam nulla ratione fuisse appositum;
923 1488 2839 1554 unde ex oblivione potius, quam ex industria contigisse, quod verbum illud postremae
925 1541 2839 1603 litterae (quas irritas facit) continerent“. Epist. S. Thomae ed. Lupus p. 121, ed.
919 1605 2839 1662 Giles II. 8, Migne 200 p. 282. Hanc epist. illustravit Reuter I. 558 sq. — „Que-
916 1658 1374 1718 rimonias adversus“.
349 1669 532 1775 „ 21.
647 1678 742 1828 „
872 1700 2839 1775 10997 Monasterii Gerensis tutelam suscipit, possessionesque et privilegia confirmat,
923 1764 2839 1830 petente Pontio abbate. In bibl. nat. Paris. Coll. Moreau t. 72. f. 142. — „Religiosam
923 1821 1360 1885 vitam eligentibus“.
344 1855 530 1938 „ 21.
651 1881 737 1956 „
872 1872 2839 1936 10998 Monasterium S. Mariae de Argonia tuendum suscipit ac eius possessiones deci-
919 1932 2839 1989 marumque immunitatem confirmat, petente Gervasio abbate. Cartul. de Moutier-en-
923 1983 2839 2049 Argonne ms. lat. 10946. s. XII. f. 3, ms. lat. 9905. s. XVI. f. 10 in bibl. nat. Paris.
923 2036 1528 2097 — „Desiderium quod ad“.
346 2078 530 2159 „ 22.
653 2084 740 2208 „
874 2089 2841 2161 10999 (7364) Ecclesiam S. Mariae de Campo tuendam suscipit, eiusque bona ac privi-
923 2150 2839 2210 legia, petente Pontio priore, confirmat. (Signa chronologica sunt corrupta.) Marca
927 2199 2839 2267 Marca Hisp. p. 1333, Aguirre Conc. V. 78, Migne 200 p. 284. — „Effectum iusta
921 2254 1263 2327 postulantibus“.
346 2263 530 2385 „ 27.
647 2296 740 2429 „
874 2301 2839 2376 11000 Parthenonis Montis-martyrum Parisiensis tutelam suscipit, bonaque et decimarum
925 2360 2839 2431 immunitatem confirmat, petente Adda abbatissa. (Bulla male descripta.) Barthélemy
925 2426 2218 2491 Rec. d. ch. de Montm. p. 98. — „Desiderium quod ad“.
309 2451 528 2555 Febr. 17.
638 2473 733 2599 „
872 2471 2839 2539 11001 Monasterii S. Florentii Salmurensis possessiones confirmat. Ex D. Houssean V.
921 2526 2839 2599 n. 1849, in bibl. nat. Paris. Misit Delisle. (Cf. Bibl. de I'éc. des chartes XL. 164.)
925 2590 1526 2647 — „Desiderium quod ad“.
342 2616 528 2711 „ 18.
649 2619 740 2769 „
874 2627 2836 2707 11002 Inter Frogerium, abbatem S. Florentii Salmurensem, et Bernardum, episcopum
919 2689 2839 2760 Santonensem, de ecclesiis S. Viviani et S. Salvatoris et S. Mariae laderensis litigantes
919 2751 2836 2817 pacem componit. Arch. hist. de la Saintonge IV. 48. — „Quotiens ad apostolicae“.
346 2782 530 2901 „ 26.
640 2784 740 2912 „
872 2802 2834 2870 11003 A(rthaudo) priori Alveriae (dioec. Genevensis), respondet, se non posse per-
919 2864 2832 2926 mittere, ut „causa ecclesiae, de qua iam iudicatum sit, in disceptationem reducatur,
921 2919 2836 2979 et iterum ventiletur, cum universus orbis (excepto illo solo viro potenti, Friderico
923 2974 2836 3034 videlicet, et his, quos ipse possit saeculari potentia coercere) sese in patrem sum-
916 3027 2836 3093 mumque pontificem iam receperit“. „Scimus“, inquit, „quod vir ille sublimis et potens
919 3082 2834 3142 ad hoc solummodo nititur, ut ecclesiam Dei in ancillationem et in supremam redigat
916 3138 2834 3197 servitutem; assidue namque praelatos in ecclesiis pro beneplacito suae voluntatis
919 3188 2830 3250 instituit et destituit, ita ut etiam ille schismaticus et haereticus (Victor IV.), cui
916 3239 2825 3308 ipse tamquam Romano pontifici reverentiam exhibet et honorem, si forte aliquid
914 3294 2828 3363 praeter eius conscientiam et assensum in qualibet ecclesiarum duxerit statuendum,
916 3354 2823 3414 ipse totum ducit in irritum et condemnat“. Itaque se pro ecclesiae libertate ferre
916 3409 2819 3471 omnes angustias velle; „namque“, inquit, „a divitiis ad paupertatem, a quiete ad
916 3464 2823 3581 taborem, ab otio ad solitadiaem. a felicitate et gaudio ad cueulum sumus cuiusdam
1109 150 2034 245 ALEXANDER III. 1159—1181.
