3007 3975
656 295 2585 388 1164. (Ind. 12. — 25. Sept. — 13, pont. a. 5. — 20. Sept. — 6, 1163. — 25. Mart. — 1164.)
742 375 2662 443 infelicitatis adducti; ut enim alia taceamus, omnes hi, qui nobis carnis sunt propin-
740 430 2660 499 quitate coniuncti, a praedicto viro potenti rebus sunt propriis spoliati,expulsi e domi-
742 496 2662 554 bus, et, uxoribus filiisque relictis, in aliam provinciam, quasi in exilium relegati“. Falsa
742 552 2662 607 ab imperatore spargi; hunc enim, „quidquid asserat, quidquid etiam fateatur, nequa-
744 605 2662 664 quam velle causam hanc per iudicium ecclesiasticum terminari; quum etiam car-
740 660 2662 715 dinales“, inquit, „quos hoc anno ad eius praesentiam destinavimus (quos quidem
742 715 2662 770 nec videre dignatus est nec quemlibet cum eis sermonem habere) nihil aliud ab eo
742 768 2664 836 potuerint obtinere, nisi quod aliqui deberent eligi, qui in sua potestate et praesentia
744 821 2662 883 constituti id solummodo providerent, quod utilius ad pacem reddendam ecclesiae
746 876 2660 947 videretur“. Maxima bibl. vet. patr. Lugdun. XXIV. 1519, Tromby Stor. Cartus.
746 934 1818 993 IV. app. p. 80. — „Dum piam simplicitatem“.
693 984 2662 1048 11004 (7365) Thomam, archiepiscopum Cantuariensem, hortatur, ut „cautius temporum
136 909 357 1060 rar 21.
408 923 614 1124 —„„
744 1044 2662 1108 qualitatem attendens, Henrico Anglorum regi in omnibus et per omnia, salva hone-
742 1093 2662 1157 state ecclesiastici ordinis, deferre satagat, et eius sibi gratiam et amorem incessanter
740 1150 2660 1216 recuperare intendat“. Nunciat, se regi, ut „quod de antiquis consuetudinibus et
742 1205 2662 1272 dignitatibus conservandis episcopi Angliae promisissent, auctoritate apostolicae sedis
740 1263 2662 1322 confirmaretur“ petenti, non satisfecisse; sed „legationem totius Angliae“ (Rogero)
740 1320 2660 1382 archiepiscopo Eboracensi petitam per litteras concessisse. Epist. S. Thomae ed.
737 1366 2662 1439 Lupus p. 12, ed. Giles II. 1, Migne 200 p. 285, (Mansi XXI. 874). — „Etsi pro
740 1435 921 1486 animi“.
693 1477 2662 1543 11005 (7366) Thomae, archiepiscopo Canturiensi, et omnibus episcopis Angliae prae-
150 1475 262 1590 („)
459 1479 574 1576 („)
740 1541 2660 1598 cipit, ut „si Anglorum rex quidquam ab iis aliquo tempore requisierit, quod contra
740 1594 2660 1660 ecclesiasticam libertatem existat, hoc ei facere nullatenus attentent; si autem iam
740 1649 2660 1707 dicto regi super huiusmodi se in aliquo astrictos cognoscant, quod promiserint, nul-
742 1702 2660 1764 latenus observent“. Epist. S. Thomae ed. Lupus p. 140, ed. Giles II. 9, Migne 200
740 1751 1506 1819 p. 287. — „Ad hoc pontificalis“.
691 1799 2660 1877 11006 (7367) Thomam, archiepiscopum Cantuariensem, hortatur, ne ex legatione Rogero
159 1744 271 1883 („)
461 1808 578 1941 („)
740 1868 2660 1930 archiepiscopo Eboracensi concessa molestiam trahat; „nuncii nobis“ inquit „ex parte
744 1916 2657 1987 ipsius regis promiserunt, quod nunquam sine conscientia et voluntate vestra eaedem
742 1976 2660 2038 litterae archiepiscopo Eboracensi redderentur“. Addit, se „ecclesiam eius alienae per-
742 2036 2660 2100 sonae in ecclesiasticis nolle subesse, nec nisi tantum Romano pontifici obedire“. Epist.
742 2089 2660 2153 S. Thomae ed. Lupus p. 13, ed. Giles II. 3, Migne 200 p. 287, (Mansi XXI. 881).
746 2139 1798 2201 — „Non ob gratiam“ („Novit industria tua“).
143 2146 357 2265 Mart. 15.
693 2192 2660 2265 11007 B(ertrando) archiepiscopo Burdegalensi mandat, ut infra 15 dies monachos
477 2168 576 2285 „
742 2241 2660 2316 S. Macharii, praecipue eum, qui pro priore se gerat, Bonafusumque clericum ad obe-
742 2305 2657 2371 dientiam abbati S. Crucis praestandam compellat; quos, nisi fecerint, excommunicari
740 2365 2339 2420 iubet. Archives hist. de la Gironde I. 224. — „Dum fratres sancti“.
691 2413 2660 2479 11008 H(enricum) Anglorum regem rogat, ut monasterium S. Crucis Burdegalense ab
178 2409 355 2504 „ 15.
483 2343 567 2506 „
742 2464 2660 2535 iniuriis fratrum S. Macharii tueatur. Archives hist. de la Gironde I. 225. — „Ex-
740 2519 1305 2588 poscit tuae celsitudinis“.
689 2579 2660 2645 11009 (7368) Henricum, archiepiscopum Remensem, et Henricum, tit. SS. Nerei et
178 2574 357 2656 „ 21.
475 2592 574 2661 „
748 2638 2657 2703 Achillei presbyterum cardinalem, hortatur, ut „consilio (Ludovici) Francorum regis,
742 2696 2660 2760 donec ista colloquia separentur, se nullatenus subtrahant“. Cardinalem aegrotare
742 2749 2660 2809 dolet. Responsum per cursorem a sese missum poscit. Martene Coll. II. 705, Bou-
740 2804 2317 2859 quet Rec. XV. 829, Migne 200 p. 288. — „De dispositione vestra“.
691 2855 2660 2934 11010 Inter fratres S. Martini de Campis Parisienses et S. Martini Turonenses contro-
178 2839 362 2930 „ 21.
479 2848 574 2952 „
748 2917 2660 2981 versiam super ecclesia S. Martini de Passo diiudicat. Autograph. in tabul. nat. Paris.
740 2961 1422 3032 L. 231. — „Cum inter vos“.
695 3014 2660 3082 11011 (7369) E(berhardo), archiepiscopo Salzburgensi, scribit, se ad G(erhohi) prae-
178 3005 357 3104 „ 22.
466 3009 574 3151 „
746 3078 2653 3146 positi Reichersbergensis litteras, „in quibus capitula quaedam continebantur, quae,
744 3133 2655 3193 eo et aliis decertantibus, in quaestionis scrupulum devenerunt, nil certi super eisdem
742 3184 2655 3246 capitulis duxisse respondendum“. Mandat, faciat, ut „praepositus et caeteri ab huius-
746 3237 2655 3303 modi ulterius disputationibus, praesertim in publicis conventibus abstineant“. Pez
746 3292 2339 3350 Thes, anecd. VI. I. 398, Migne 200 p. 288. — „Cum dilectus filius“.
695 3345 2655 3411 11012 (7370) Magistri G(erhohi), praepositi Reichersbergensis, pietatem erga ecclesiam
178 3319 362 3482 „ 2s
466 3314 574 3498 „
748 3405 2653 3478 Romanam laudat, eumque de superiore epistola certiorem facit. Pez Thes. anced.
751 3453 1972 3577 VI. t. 898. Migne 900 p. 288. „Sincerae mentis“.
2295 3500 2383 3615 25*
923 141 1849 231 ALEXANDER III. 1159—1181.
2540 147 2666 242 179
