3007 3975
291 159 410 247 180
835 302 2757 399 1164. (Ind. 12. — 25. Sept. — 13, pont. a. 5. — 20. Sept. — 6, 1163. — 25. Mart. — 1164.)
585 382 784 516 Senonis
866 379 2834 463 11013 Bertranni magistri militiae templi Hierosolymitani eiusque fratrum protectionem
311 373 530 459 Mart. 30.
914 446 2834 512 suscipit ac possessiones et privilegia confirmat. Cf. Prutz Malteser-Urk. p. 31, idem
919 503 2430 558 ap. Löher Arch. Zeitschr. VIII. 93. — („Omne datum optimum“).
872 560 2839 618 11014 (7371) Thomae, archiepiscopo Cantuariensi, peccatum quoddam condonat, eum-
309 556 530 638 Apr. 1.
656 554 735 629 „
923 611 2836 673 que hortatur, ne „a missarum celebratione cesset, neve a consecratione sanguinis et
921 671 2836 737 corporis domini abstineat“. Epist. S. Thomae ed. Lupus p. 40, ed. Giles II. 5, Mansi
921 711 2193 781 XXI. 1193, Migne 200 p. 290. — „Ad aures nostras“.
874 775 2839 836 11015 (7372) Stephano, episcopo Meldensi, ius parochiale in villa et monasterio Res-
340 772 525 859 „ 2.
658 768 742 894 „
923 825 2839 894 bacensi adiudicat. Launoii Opp. III. II. 408, Migne 200 p. 290. — „Controversiae
916 881 1082 949 inter“.
843 931 2841 998 f11016 M(icolao) electo Cameracensi et abbati Affligemiensi mandat, prohibeant, ne
340 940 525 1015 „ 9.
923 987 2839 1060 praebendae ecclesiae Bruxellensis incognitis vel minus idoneis personis conferantur.
923 1040 2841 1119 („Dat. Anagniae a. dom. 1164, V. id. Apr.“) Miraei Opp. dipl. IV. 24. — „Cum
921 1097 1352 1172 nobis quamquam“.
870 1141 2858 1230 „Feria 6 in parasceve“. Sigeberti cont. Burburg. 1164 in MG. SS. VI. 458, „In para-
351 1146 532 1232 „ 10.
660 1166 748 1236 „
925 1219 2843 1276 sceue, 4. Id. Apr.“ Chronica regia Colon. 1164 ibid. XVII. 778, ed. Waitz p. 114.
872 1258 2843 1331 11017 (7373) Henrico, archiepiscopo Remensi, de officiis Ar(dicioni) S. Theodori dia-
351 1272 532 1347 „ 15.
653 1260 753 1393 „
923 1320 2845 1386 cono cardinali tributis gratias agit. Haec addit: „per magistrum Od. quaedam de
927 1386 2843 1446 statu Italiae tuae discretioni curavimus intimare, firmam spem fiduciamque tenentes,
925 1431 2845 1499 quod ecclesia Dei, inimicis suis humiliatis, optatae in proximo pacis tranquillitate
925 1481 2834 1561 gaudebit“. Martene Coll. II. 708, Bouquet Rec. XV. 831, Migne 200 p. 291. —
925 1537 1608 1605 „Amorem et honorificentiam“.
877 1585 2845 1667 11018 (7374) Monasterii S. Mariae Stratensis tutelam suscipit bonaque et iura con-
351 1592 536 1671 „ 17.
662 1594 753 1676 „
925 1647 2839 1720 firmat, petente Gervasio abbate. Gall. Chr. XI. Instr. p. 136, Migne 200 p. 292. —
927 1711 1310 1775 „Cum omnibus“.
877 1760 2845 1826 11019 (7375) Basilii, prioris Cartusiensis, et universorum priorum et fratrum ordinis
346 1757 534 1841 „ 17.
667 1771 748 1841 „
932 1815 2845 1890 „institutiones ad observantiam religionis de communi assensu capituli rationabiliter
927 1874 2845 1938 factas“ confirmat. Privil. ord. Cartus. fol. 1“, Nova coll. stat. ord. Cart., append.
925 1923 2185 1987 p. 6, Migne 200 p. 293. — „Ex rescripto litterarum“.
874 1983 2847 2049 Ecclesiae novae altare SS. Petri et Pauli consecrat „in sequenti anno, XIII. kal. Maii,
353 1974 536 2062 „ 19.
656 1985 751 2049 „
932 2040 2847 2097 in qua die fuerunt octavae dominicae resurrectionis“. Chron. S. Petri Vivi 1163 ap.
930 2093 2845 2157 D'Achery Spic. II. 486, in MG. SS. XXVI. 35. „In octavis pasce“, Alex. III. bulla
927 2142 1657 2210 ap. Quantin Cart. gén. II. 179.
879 2197 2847 2263 Ecclesiam S. Columbae consecrat „VI. kal. Maii“. Annal. S. Columbae Senonensis 1164
355 2181 541 2267 „ 26.
662 2190 751 2281 „
932 2248 2847 2323 in MG. SS. I. 108; Chron. S. Petri Vivi 1163 ap. D'Achery Spic. II. 486, in MG.
927 2301 1288 2371 SS. XXVI. 35.
883 2360 2847 2426 11020 Omnibus festo dedicationis ecclesiae S. Columbae (d. 26. Apr.) „per sex dies
660 2354 764 2491 („)
331 2307 437 2449 („)
934 2424 2847 2486 annuatim venientibus, de iniuncta poenitentia relaxationem 20 dierum“ indulget.
932 2468 2227 2544 Quantin Cart. gén. II. 176. — „Notum sit universitati“.
881 2524 2843 2603 11021 Monasterio S. Petri de Montibus privilegium tribuit. Neues Archiv VII. 97. —
326 2526 543 2610 Mai. 10.
667 2528 755 2630 „
932 2588 1343 2656 „Religiosis votis“.
885 2625 2850 2703 11022 Monasterii S. Iohannis de Vineis Suessionensis possessiones et privilegia con-
360 2627 547 2714 „ 14.
665 2636 762 2729 „
934 2696 2847 2760 firmat. Hoc videtur esse argumentum bullae, cuius exiguum fragmentum exstat in
936 2747 2576 2811 bibl. nat. Paris. Cartul. S. Iohannis Suess. s. XIII. ms. lat. 11004. f. 9.
883 2804 2847 2864 11023 (7376) Henrico, archiepiscopo Remensi, mandat, ut Ub., monasterii S. Vasli prio-
360 2806 545 2881 „ 19.
662 2797 753 2928 „
936 2862 2850 2926 rem, ad reddendam Gil. latori huius epistolae pecuniam hortetur. Martene Coll.
936 2908 2176 2983 II. 709, Migne 200 p. 294. — „Veniens ad nos Gil.“
890 2961 2852 3029 11024 (7377) Monachis S. Petri Carnotensibus concedit, ut in ecclesiis parochialibus
329 2965 550 3040 Iun. 3.
665 2968 760 3093 „
934 3025 2847 3089 sacerdotes instituant ac tempore communis interdicti certis conditionibus divina officia
934 3080 2839 3142 celebrent. (Fragmentum.) Collection des Cartulaires II. 651, Migne 200 p. 294. —
936 3138 1374 3195 „Statuimus, ut in“.
890 3182 2845 3259 11025 (7378) Henrico, archiepiscopo Remensi, mandat, ut iudicii inter abbates S. Re-
360 3173 550 3283 „ 4.
662 3188 764 3270 „
941 3246 2847 3305 migii et Dervensem faciendi causa, locum utrique parti opportunum constituat. Mar-
941 3303 2417 3358 tene Coll. II. 709, Migne 200 p. 294. — „Causam, quae inter“.
888 3352 2847 3431 11026 (7379) Monasterii Vallis-Richeriae protectionem suscipit, bonaque ac privilegia,
351 3332 554 3504 „*.
656 3354 771 3524 „
941 3409 2843 3489 petente Roberto abbate, confirmat. Neustria pia p. 826, Migne 200 p. 295. —
943 3456 1347 3573 „Religiosis rotis“.
1093 152 2021 238 ALEXANDER III. 1159—1181.
