3007 3975
278 159 399 247 182
821 302 2746 399 1164. (Ind. 12. — 25. Sept. — 13, pont. a. 5. — 20. Sept. — 6, 1163. — 25. Mart. — 1164.)
296 364 512 459 Iul. 29.
572 364 766 525 Seneni.
852 388 2821 457 11043 Monasterii S. Crucis de Castello-puellarum (vel Edinburgensis) protectionem
899 439 2821 512 suscipit, possessionesque et privilegia confirmat, petente Willelmo abbate. Liber
899 505 2299 569 cartarum S. Crucis p. 168. — „Quoniam (Quum) sine vero“.
331 527 508 638 „ 29.
631 541 715 644 „
852 556 2823 618 11044 Rogero abbati et fratribus Driburgensibus ecclesiam de Saultoun aliaque con-
899 616 2591 671 cedit. Liber S. Mariae de Drib. p. 204. — „Iustis petentium desideriis“.
326 647 512 786 „ 30.
631 647 726 783 „
852 664 2823 737 11045 (7384) Ludovico, Francorum regi, significat, abbatem quendam ex Burgundia
903 728 2823 790 venientem sibi nunciasse, „quod cum ab R(einaldo, archiepiscopo Coloniensi), quon-
901 790 2823 845 dam cancellario F(riderici), dicti imperatoris, complures operarii iam fuissent con-
901 841 2821 901 ducti et de ipsius mandato in confinio regni operari coepissent, comes Forensis eos-
899 892 2821 954 dem operarios de loco eiecit“. „Verum“ inquit „quoniam praedictus cancellarius
899 949 2819 1013 pecuniam multam reliquit, ut, quod prave intendit, ad effectum perducat, tua inter-
899 1007 2816 1073 est, habito consilio baronum, factum ipsum, ne ultra procedat, prorsus destruere“.
899 1053 2821 1124 (Richardo) electo Lugdunensi se mandasse, „ut huic rei nulla ratione assentiat, sed
899 1117 2819 1177 eam satagat disturbare“. Duchesne Hist. Fr. SS. IV. 621, Bouquet Rec. XV. 819,
899 1170 2359 1230 Mansi XXI. 1017, Migne 200 p. 299. — „Dum multitudinem“.
293 1137 510 1311 1„„ „
625 1143 731 1313 „
848 1216 2821 1287 11046 (7385) Ludovico, Francorum regi, scribit, de lite Franbi, ecclesiae S. Martini
901 1274 2821 1340 Turonensis canonici, et Nicolai burgensis sententiam, a (Willelmo), episcopo Ceno-
901 1336 2821 1395 mannensi, dictam, ad effectum nondum perductam esse. Utrumque ad regem mittit.
901 1384 2819 1457 Nicolaum commendat. Duchesne Hist. Fr. SS. IV. 629, Bouquet Rec. XV. 820,
899 1439 2324 1503 Mansi XXI. 1028, Migne 200 p. 300. — „Franbus ecclesiae“.
300 1479 406 1603 („)
620 1492 729 1612 („)
848 1497 2821 1572 11047 (7386) Upsaliam urbem Scarensis, Lincopiensis, Strengesensis et Arusensis epi-
899 1565 2816 1627 scopatuum metropolim constituit, et Stephano archiepiscopo „precibus et interventu
897 1616 2816 1682 Caroli, illustris regis Sweorum et Gothorum, episcoporum quoque et UIfy ducis regni
899 1673 2819 1740 illius“ pallium concedit, eiusque successores ab archiepiscopo Lundensi, „tamquam
899 1724 2816 1799 proprio primati“, consecrandos esse statuit. Liliegren Dipl. Suec. I. 70, Ornhialm
899 1786 2816 1848 Hist. Sueon. p. 482, Rydberg Sverges Trakt. I. 80, Migne 200 p. 301. — „Licet
899 1843 1089 1905 omnes“.
318 1868 503 1969 „ 5.
627 1861 707 1985 „
846 1868 2816 1958 11048 (7387) Universos episcopos per regnum Sweciae constitutos hortatur, ut metro-
897 1952 2814 2020 politano Stephano, archiepiscopo Upsaliensi, obediant. Liliegren Dipl. Suec. I. 72,
897 1998 2671 2075 Ornhalm Hist. Sueon. p. 484, Migne 200 p. 303. — „Venerabilem fratrem“.
300 2029 410 2148 („)
618 2029 731 2157 („)
846 2060 2816 2137 11049 (7388) Henrico abbati et fratribus S. Mariae Vitescolensis asserit ecclesiae locum,
897 2122 2814 2190 ab Eskillo, episcopo Arusiensi, concessum, qui „aliquando errori consensit, qui tamen
899 2186 2814 2243 factum suum in districto examine positus reprobavit“. Memorat, se de ea re „cum
899 2228 2810 2305 Eskillo, Lundensi archiepiscopo, et aliis fratribus suis deliberasse“. Langebek SS.
897 2283 2421 2362 R. Dan. V. 241, Migne 200 p. 304. — „Litteris devotionis tuae“.
320 2336 505 2426 „ 6.
627 2356 724 2493 „
846 2345 2819 2420 11050 (7389) Ludovicum, Francorum regem, rogat, ut „ad monasterii Trenorciensis
899 2398 2816 2464 onera et debita relevanda, fratres per diversa monasteria dividi, et, quinque vel
901 2457 2819 2517 quatuor ibidem relictis, in debitorum solutionem redditus cedere“ iubeat. Duchesne
901 2517 2816 2579 Hist. Fr. SS. IV. 623, Iuenin Nouv. hist. de Tournus. Pr. p. 167, Bouquet Rec. XV. 820,
899 2559 2359 2638 Mansi XXI. 1020, Migne 200 p. 304. — „Cum dilectus filius“.
313 2630 501 2720 „ S.
627 2585 729 2725 „
848 2621 2819 2698 11051 Omnes sacerdotes et personas de Haliwerefolk hortatur, ut iuxta antiquam con-
899 2689 2816 2747 suetudinem ministerialibus b. Cuthberti Dunelmensibus unum denarium per unam-
897 2744 2814 2813 quamque domum annuatim persolvant. Hist. Dunelm. Scr. append. p. 52. — „Pietatis
899 2804 1135 2866 operibus“.
322 2815 505 2930 „ 11.
625 2857 722 2928 „
848 2837 2812 2926 11052 (7390) (Hugoni), episcopo Suessionensi, mandat, hortetur Ludovicum, Fran-
899 2901 2814 2976 corum regem, ut abbati et fratribus Compendiensibus hospitale quoddam, si iuris
899 2963 2814 3023 eorum sit, restituat, si minus, concedat. Duchesne Hist. Fr. SS. IV. 594, Bouquet
899 3009 2752 3080 Rec. XV. 821, Mansi XXI. 981, Migne 200 p. 305. — „Quoniam de hospitali“.
318 3076 503 3180 „ 13.
618 3076 731 3208 „
848 3071 2812 3157 11053 (7391) Ludorico, Francorum regi, excusat Nicolaum Turonensem, „hominem
899 3133 2812 3199 regiae maiestatis“, qui, iniuria a F(ranbo S. Martini) canonico accepta, ad sese
899 3193 2812 3259 refugerit; „sic enim“ inquit „sacrorum canonum sanxit auctoritas, et imperatores,
899 3246 2812 3310 qui antecessores tui fuerunt, et reges Francorum sanxerunt, quod hi, quibus a clericis
899 3303 2810 3358 iniuria irrogatur, eos apud ecclesiasticos iudices debeant solummodo convenire“.
899 3354 2812 3416 Ceterum causam illam scribit arbitrio (Willelmi), episcopi Cenomanensis, a sese per-
903 3409 2810 3475 missam fuisse. Duchesne Hist. Fr. SS. IV. 617, Bouquet Rec. XV. 822, Mansi XXI.
905 3469 2496 3570 1911., Migne 200 p. 306. Cf. supra ep. 11046. — „Cuod Sicolaus“.
1082 152 2010 249 ALEXANDER III. 1159—1181.
