3007 3975
658 300 2585 395 1164. (Ind. 12. — 25. Sept. — 13, pont. a. 5. — 20. Sept. — 6, 1163. — 25. Mart. — 1164.)
136 371 355 468 Aug. 18.
413 373 607 507 Senonis
689 375 2662 446 11054 (7392) Ludovico, Francorum regi, agit gratias, quod „triginta fratribus ecclesiae
746 441 2660 496 Trenorciensis se promiserit necessaria liberaliter provisurum“. Duchesne Hist. Fr.
744 494 2657 560 SS. IV. 626, Bouquet Rec. XV. 823, (Mansi XXI. 1024, Migne 200 p. 307). —
740 545 1407 609 „Affectum et compassionem“.
170 600 353 682 „ 18.
472 631 572 680 „)
691 589 2662 664 11055 (7393) Abbatibus S. Germani et S. Victoris Parisiensis et priori ac subpriori
740 660 2660 719 S. Victoris et Odoni, quondam S. Genovefae abbati, mandat, investigent, num Guil-
742 711 2662 775 lelmus S. Genovefae canonicus, propterea quod ad ipsum sine abbatis et capituli
744 768 2660 830 licentia accessisset, universis vestibus exutus acriter verberatus et „septem diebus in
742 823 2660 889 terra cum canibus cibum sumere“ coactus sit. Duchesne Hist. Fr. SS. IV. 752,
742 876 2660 947 Martene Coll. VI. 233, Bouquet Rec. XV. 823, Mansi XXI. 1030, Migne 200 p. 307.
744 929 1387 1000 — „Significatum nobis est“.
172 982 353 1066 „ 18.
475 1004 574 1066 „
691 980 2662 1055 11056 Inter Hugonem abbatem fratresque S. Germani de Pratis Parisienses et mona-
740 1044 2662 1106 sterium S. Iohannis Senonense compositionem de ecclesia S. Georgii de Matriolis
740 1097 2660 1163 factam ab Hubaldo tit. S. Crucis et Willelmo tit. S. Petri presbyteris cardinalibus
742 1157 2660 1219 confirmat. Autogr. in tab. nat. Paris. L. 230. n. 25“. — „Iustis petentium desideriis“.
172 1203 349 1294 „ 20.
472 1207 572 1307 „
691 1212 2655 1278 11057 (7394) Ludovico, Francorum regi, scribit, „relaxationem, in sexta feria ei factam,
742 1260 2657 1327 taliter distinguendam esse, ut in quadragesima, quae dicitur b. Martini, usque ad
740 1325 2660 1382 adventum domini in sexta feria uno ferculo piscium et vino temperate sumpto uta-
740 1373 2660 1437 tur; in adventu vero et in maiori quadragesima consuetum abstinentiam semper
740 1431 2655 1495 sexta feria observet“ cet. Duchesne Hist. Fr. SS. IV. 608, Bouquet Rec. XV. 823,
740 1481 2280 1543 Mansi XXI. 999, Migne 200 p. 307. — „Desiderium et affectum“.
172 1525 353 1618 „ 21.
481 1550 570 1614 „
689 1530 2660 1603 11058 (7395) Fratribus S. Mariae de Valle-crosa locum, qui dicitur Fons-calidus, asserit.
740 1592 2657 1654 Hugo O. P. A. I. Pr. p. 565, Migne 200 p. 308. — „Iustis petentium desideriis“.
172 1612 351 1731 „ 29.
468 1640 570 1744 „
689 1643 2657 1715 11059 (7396) Henricum, archiepiscopum Remensem, monet, ut abbatum S. Remigii et
740 1709 2657 1766 Dervensis controversiam super quadam decima intra dies 30 disceptet. Martene
740 1766 2220 1821 Coll. II. 711, Migne 200 p. 309. — „Constitutus in praesentia“.
136 1735 355 1901 Sp „
468 1755 574 1916 „
689 1810 2657 1883 11060 Monasterii Sacri-portus tutelam suscipit, possessionesque et privilegia confirmat,
742 1872 2657 1934 petente Henrico abbate. In bibl. nat. Paris. Cartul. Sacri-portus ms. lat. 5466. f. 14.
740 1927 1542 1994 — „Religiosam vitam eligentibus“.
170 1965 353 2047 „ 7.
472 1978 574 2055 „
687 1972 2660 2042 11061 (7397) Guillelmum, comitem Nivernensem, et Idam, matrem eius, hortatur, ut
737 2040 2657 2097 pacem servent cum ecclesia Vizeliacensi, eamque a nobilibus et baronibus tueantur.
742 2095 2655 2159 Petrum, subdiaconum suum, mittit. D'Achery Spic. II. 543, Bouquet Rec. XV. 824,
737 2146 2280 2212 (Mansi XXI. 1042, Migne 200 p. 309). — „Quanto monasterium“.
172 2190 351 2267 „ 15.
475 2197 574 2272 „
691 2197 2655 2261 11062 (7398) „Confirmat domum Fontebraldensem et ceteros ordinis conventus“. Vide
740 2256 2657 2316 Gall. Christ. II. 1319, Bulla integra exstat in chartular. Font. Ebr. II. 177 in bibl.
737 2312 1745 2380 nat. Paris. (Delisle). — „Desiderium quod“.
174 2347 355 2433 „ 24.
470 2358 567 2466 „
689 2367 2655 2426 11063 (7399) Ludovico, Francorum regi, significat, se eius litteras accepisse, mandata-
740 2413 2653 2486 que exsecuturum. Duchesne Hist. Fr. SS. IV. 628, Bouquet Rec. XV. 824, Migne 200
737 2475 1648 2537 p. 310. — „Litteras excellentiae tuae“.
174 2515 355 2599 „ 25.
470 2526 572 2599 „
687 2530 2657 2590 11064 (7400) Petentibus Garcia magistro et fratribus Calatravensibus, Calatravam tuen-
740 2583 2655 2650 dam suscipit, fratrumque leges, bona, privilegia confirmat. Diffiniciones de Calatrava
742 2632 2655 2711 p. 37, Samper Montesa illustr. I. 145, Mascarefias Apolog. hist. p. 45, Manrique
740 2689 2377 2764 Ann. Cist. II. 400, Migne 200 p. 310. — „Iustis petentium desideriis“.
174 2727 355 2826 „ 25.
468 2747 570 2826 „
687 2749 2653 2811 11065 (7401) Monasterium S. Mariae Hortense tuendum suscipit, eiusque possessiones
737 2802 2653 2879 et privilegia confirmat, petente Blasio abbate. Manrique Ann. Cist. II. 402, Migne 200
130 2899 355 2981 Oct. 1.
740 2859 1723 2921 p. 312. — „Religiosam vitam eligentibus“.
466 2910 570 2990 „
689 2915 2651 2974 11066 Monasterii S. Mariae Pratensis tutelam suscipit, bonaque et iura confirmat,
742 2972 2651 3038 petente Odone abbate. Chartul. Belliprati Bellovacensis s. XIII. ms. lat. 9973. f. 127
740 3027 1829 3082 in bibl. nat. Paris. — „Quotiens illud a nobis“.
172 3065 355 3149 „ 3.
470 3074 574 3157 „
689 3078 2653 3140 11067 (7402) Ludovico, Francorum regi, per P. subdiaconum suum suadet, ut quaedam
742 3138 2649 3199 et regni et ecclesiae causa commutet. Duchesne Hist. Fr. SS. IV. 618, Bouquet
740 3184 2585 3248 Rec. XV. 807, Mansi XXI. 1012, Migne 200 p. 313. — „Quaedam gravia et“.
172 3226 357 3352 „ S.
461 3237 572 3361 „
691 3241 2653 3303 11068 (7403) Ludovico, Francorum regi, significat, canonicos Carnotenses professos
740 3303 2653 3358 esse, se in eligendo episcopo incaute egisse. Quos, ut ad concordiam ante proximas
742 3350 2651 3411 octavas epiphaniae (13. Ianuar. 1165) redirent, a sese admonitos esse. Duchesne
740 3403 2649 3502 Hist. Fr. SS. IV. 609, Bouquet Rec. XV. 824. Mansi XXI. 1001. Nigne 200 p. 313.
744 3451 1301 3546 — „Dileetii filii nostri“.
923 141 1853 236 ALEXANDER III. 1159—1181.
2540 147 2664 245 183
