3007 3975
653 289 2571 379 1164. (Ind. 12. — 25. Sept. — 13, pont. a. 5. — 20. Sept. — 6, 1163. — 25. Mart. — 1164.)
402 340 600 463 Senonia
684 377 2649 450 11083 (7409) Theobaldo priori et fratribus ecclesiae S. Martini de Campis addicit
132 348 351 463 Dec. 13.
737 435 2649 492 ecclesiam S. Martini de Passo, canonicis S. Martini Turonensibus abiudicatam.
740 481 2651 563 Marrier Mon. S. Martini de Campis p. 355, Migne 200 p. 318. — „Cum inter
737 541 930 609 vos et“.
687 600 2653 660 11084 Parthenonis S. Mariae de Avesnis protectionem suscipit, possessionesque con-
174 598 355 695 „ 23.
481 602 567 684 „
740 655 2649 726 firmat, petente Mathilde abbatissa. In bibl. nat. Paris. Coll. Moreau t. 73. f. 47. —
740 704 1462 779 „Religiosam vitam eligentibus“.
689 753 2653 832 „convocatis in unum scholasticis et quibusque litteratis in ipsa vigilia nativitatis domini
461 713 565 870 („)
176 733 357 867 „ 24.
740 821 2653 881 usque ad tria, ut fertur, milia vel ultra, cum assentientibus sibi domnis cardinalibus
740 876 2651 934 condemnavit et omnino interdixit omnes tropos et indisciplinatas quaestiones in theo-
744 929 2653 987 logia; Parisiensique episcopo praecipit, ut per totam Franciam eas compesceret.
744 982 2653 1042 Sententia autem de gloria hominis in deum assumpti et in deum nati approbata est
740 1040 2653 1106 ibi coram papa ac roborata conscriptis inde centum quinquaginta et eo amplius
742 1099 2381 1150 auctoritatibus“. Annal. Reicherspergenses 1164 in MG. SS. XVII. 471.
693 1137 2653 1207 11085 (7410) Ludovico, Francorum regi, F. fratrem, nuncium suum, commendat. Du-
178 1119 357 1256 „ 81.
475 1121 563 1241 „
742 1194 2653 1274 chesne Hist. Fr. SS. IV. 615, Bouquet Rec. XV. 812, Migne 200 p. 320. — „Di-
740 1252 1285 1311 lectum filium, fratrem“.
691 1305 2657 1382 11086 Monasterii Caroli-oci possessiones confirmat et privilegia auget. (Fragmentum.)
470 1272 572 1413 („)
740 1360 2231 1424 In bibl. nat. Paris. cartul. mon. Car.-loci ms. lat. 11003. f. 3879.
693 1422 2660 1479 11087 Monasterii Tironiensis protectionem suscipit possessionesque confirmat, petente
466 1402 576 1521 („)
742 1468 2660 1537 Stephano abbate. In bibl. nat. Paris. Chart. Tiron. ms. lat. 10107. p. 226. Misit
740 1528 2660 1596 Delisle. (Cf. Gouverneur Ess. hist. s. le Perche p. 256.) — „Religiosis desideriis
737 1585 958 1654 dignum“.
693 1623 2578 1704 11088 *Monasterio Longi-pontis privilegium dat. Le cartul. de Longpont p. 278.
470 1616 576 1749 („)
665 1702 903 1795 c. 1164.
141 1775 357 1945 Sp to.
695 1784 2662 1866 11089 (7411) Ludovico, Francorum regi, monasterium Compendiense commendat; cui
744 1859 2662 1921 domum hospitalem asseri cupit. Duchesne Hist. Fr. SS. IV. 618, Bouquet Rec. XV.
742 1905 2335 1985 821, Mansi XXI. 1013, Migne 200 p. 320. — „Ille affectus, quem“.
665 1994 1000 2069 1163—1165.
419 2060 614 2137 Senonis
693 2055 2664 2139 11090 Fratribus S. Petri Carnotensibus concedit, ut in parochialibus ecclesiis sacerdotes
746 2122 2664 2203 eligant, electosque episcopo repraesentent. Addit de officiis divinis tempore inter-
746 2177 2660 2254 dicti celebrandis. („III. non. . . . .“) Autogr. in bibl. nat. Paris. ms. lat. 9222. —
748 2237 1414 2312 „Iustis petentium desideriis“.
669 2320 987 2409 1163. 1165.
410 2387 614 2477 Parisiis
154 2327 368 2482 A„ „
700 2389 2668 2464 11091 (7412) Abbatis S. Vitoni Virdunensis, qui quondam schismatico suo episcopo
748 2462 2668 2519 restitit, fidem laudat, eumque ad constantiam hortatur. Martene Thes. I. 455, Bou-
748 2517 2297 2572 quet Rec. XV. 796, Migne 200 p. 321. — „Ex tenore litterarum“.
704 2574 2668 2636 11092 Clero et populo Compendiensi scribit, audivisse se, quosdam eorum „casulas,
192 2566 371 2638 „ 11.
481 2568 583 2698 „
751 2625 2671 2687 libros, privilegia, et alia ecclesiae pretiosa ornamenta abbati et fratribus subcelare
757 2685 2671 2738 et alienare“. Praecipit, ut ea reddant, vel quos habere ea cognoverint, abbati in-
751 2729 2450 2800 dicare studeant. Loewenfeld Epistolae p. 136. — „Pastoralis sollicitudo“.
702 2784 2673 2853 11093 Martino abbati et fratribus S. Vedasti indulget, ut praebendae, quas canonicis
192 2762 373 2864 „ 11.
481 2778 585 2866 „
755 2846 2671 2901 secularibus in ecclesia b. „Petri (prope Atrebatum) concesserint, decedente eorum
760 2903 2671 2965 aliquo, ad usum monachorum revertantur. Guimann Cart. de S.-Vaast d'Arras p. 143.
762 2952 1376 3018 — „Quanto religiosi viri“.
192 2959 373 3082 „ 16.
704 2994 2671 3067 11094 (7414) C(lementi) decano et universo capitulo Parisiensi concedit, ut Eugenii III.
488 2954 589 3102 „
760 3067 2673 3124 ad T(eobaldum) quondam episcopum litterae („quod, si in dandis maioriis et aliis
757 3115 2671 3177 beneficiis possent minime convenire, ei liceret eadem ordinare“) „nullum iis in poste-
757 3173 2673 3246 rum valeant praeiudicium generare“. Collection des Cartulaires IV. 226, Migne 200
762 3219 1471 3288 p. 323. — „Ex litteris, quas“.
715 3281 2675 3343 11095 Andreae, episcopo Atrebatensi, interdicit, ne abbatem Corbeiensem „occasione
196 3263 377 3354 „ 18.
483 3283 594 3345 „
764 3332 2671 3394 ecclesiarum, quas in episcopatu Atrebatensi possideat, compellat ad synodos venire“.
764 3389 2673 3480 Ex. cod. Corb. (ms. lat. 177672) in bibl. nat. Paris. Misit Delisle. — „Significavit
764 3442 938 3526 nobis“.
196 3469 773 3590 Rarcea Font. Aoaen. Et. eee. n.
2337 3500 2399 3601 24
914 139 1842 236 ALEXANDER III. 1159—1181.
2520 141 2651 242 185
