3007 3975
642 302 983 384 1164—1165.
676 364 2642 448 11112 (7426) Abbatibus S. Remigii Remensis et de Castro S. Theodori et I. decano
123 355 342 470 Febr. 13.
397 353 592 468 Senonis
729 437 2642 507 Remensi mandat, ut abbatis Orbacensis cum Hugone de Igni controversiam dirimant.
731 499 2306 556 Martene Coll. II. 701, Migne 200 p. 330. — „De vestra prudentia“.
680 549 2642 613 11113 Fulcando, abbati S. lohannis de Valeia, asserit „locum, quem obtineat in ecclesia
163 532 342 636 „ 13.
459 547 556 633 „
724 609 2642 677 Carnotensi“. Ex chartul. S. Iohannis in Valle 5481. f. 157 in bibl. nat. Paris.
729 662 1548 728 Misit Delisle. — „Significatum est“.
161 691 338 801 „ 14.
676 708 2642 779 11114 (7427) Abbati S. Remigii Remensis significat, abbates S. Memmii et Omnium-
463 733 556 788 „
729 770 2642 834 sanctorum inter eum et Odd. presbyterum constitutos iudices esse. Martene Coll.
726 828 1970 896 II. 702, Migne 200 p. 330. — „Causam, quae inter“.
159 830 340 956 „ 14.
680 883 2642 949 11115 (7428) Decano, thesaurario, archidiacono et universo capitulo Remensi mandat,
459 887 556 969 „
731 938 2644 998 ut (Guidonem), electum Catalaunensem, Henrico archiepiscopo commendent. Bouquet
729 987 2160 1055 Rec. XV. 815, Migne 200 p. 331. — „Quorundam est nobis“.
676 1040 2644 1113 11116 (7429) Henricum, (archiepiscopum Remensem), inter P. abbatem S. Remigii et
159 1015 338 1132 „ 15.
455 1053 558 1130 „
729 1099 2644 1163 R. vicecomitem Laudunensem super villa de Germiniaco facere iudicium iubet. Mar-
729 1148 2644 1230 tene Coll. II. 702, Bouquet Rec. XV. 815, Migno 200 p. 331. — „Causam, quae
722 1210 890 1278 inter“.
159 1225 338 1340 „ 16.
678 1256 2644 1336 11117 (7430) Ludovicum, Francorum regem, orat, hortetur W(illelmum), Siciliae regem,
461 1278 558 1331 „
733 1327 2646 1384 ut, quem exsilio affecerit, Florium de Camebotta, „unum de maioribus baronibus Cala-
729 1371 2646 1437 briae“, in gratiam recipiat. Eundem Florium (Manueli) imperatori Constantinopolitano
726 1426 2646 1492 commendari cupit. Duchesne H. Fr. SS. IV. 627, Bouquet Rec. XV. 827, Mansi
726 1477 1986 1554 XXI. 1025, Migne 200 p. 332. — „Ad nostri officii“.
678 1541 2646 1603 11118 Fratribus Cisoniensibus concedit, ut monasterii bona alienata recuperent, decimas-
159 1484 338 1616 „ 24.
457 1556 554 1614 „)
726 1601 2642 1665 que et terras infeudatas „in pignore accipiant“. Pflugk-Harttung Acta I. 240,
726 1645 2114 1711 (Buzelini Gallo-Flandria p. 366). — „Ex transmissa vestra“.
161 1698 338 1782 „ 27.
678 1702 2644 1768 11119 (7431) Henrico, archiepiscopo Remensi, mandat, excommunicet G. comitem de
457 1707 554 1786 „
729 1753 2644 1828 Roceio, nisi pecuniam nuncio (Guichardi) archiepiscopi Lugdunensis ablatam intra
726 1817 2644 1883 dies 15 restituerit. Martene Coll. II. 703, Bouquet Rec. XV. 816, Migne 200 p. 333.
729 1870 1356 1936 — „Ex tenore litterarum“.
678 1919 2642 1987 11120 Monasterii S. Mariae loiacensis possessiones confirmat, petente Petro abbate.
475 1923 550 2000 „
729 1974 2644 2053 Ex chartul. loiac. ms. lat. 9172 f. 160 in bibl. nat. Paris. Misit Delisle. — „Reli-
726 2036 1131 2102 giosis desideriis“.
128 2036 340 2177 Mart 1.
678 2091 2644 2157 11121 (7432) Mauricio, episcopo Parisiensi, significat de annuo unciae auri censu eccle-
457 2086 558 2177 „
731 2137 2642 2208 siae Latiniacensi remisso. (Cf. supra 10967.) Collection des Cartulaires IV. 32,
729 2192 1743 2270 Migne 200 p. 333. — „In quodam scripto“.
159 2250 338 2343 „ 2.
678 2248 2644 2318 11122 Philippo abbati et fratribus Bonae-spei indulget, ut de novalibus, quae propriis
463 2195 556 2354 „
729 2312 2644 2371 manibus excolant, sive de nutrimentis animalium nemini decimas solvant. Maghe
722 2365 2375 2429 Chronicum eccl. Bonae-spei p. 95 teste Wauters Table chronol. II. 461.
159 2418 340 2510 „ 8.
678 2411 2644 2484 11123 (7433) Ludovicum, Francorum regem, hortatur, ut „A. et O. de Bri, cum P. de
461 2349 561 2510 „
729 2477 2644 2532 Glazi gravem guerram et discordiam habentes“, ad faciendam pacem cogat. Duchesne
729 2530 2644 2592 Hist. Fr. SS. IV. 624, Bouquet Rec. XV. 816, Mansi XXI. 1021, Migne 200 p. 334.
731 2588 1418 2650 — „Quoniam regiae pietatis“.
680 2632 2644 2698 11124 Capitulo S. Audomari asserit ea, „quae b. m. A. praepositus de propriis facul-
159 2610 342 2714 „ 3.
457 2641 567 2749 „
731 2687 2644 2753 tatibus ad instaurationem duarum praebendarum“ ei contulerit. Ex autographo in
731 2751 2644 2817 tabul. capit. Audomarensi dedit Arthurus Giry Parisiensis. — „Iustis petentium
726 2802 989 2870 desideriis“.
159 2855 342 2923 „ 9.
678 2846 2642 2919 11125 Goterio, abbati S. Facundi Sahagunensi, ligandi atque solvendi potestatem a
455 2873 558 2932 „„
731 2912 2644 2976 Paschali et Hadriano papis in villa S. Facundi et infra cautum (circuitum?) monasterii
731 2965 2644 3032 praedecessoribus eius concessam renovat, prohibetque, ne sine auctoritate eius in
733 3021 2476 3078 ipsa villa ecclesia habeatur. Neues Archiv VI. 356. — „Cum ex iniuncto“.
163 3025 346 3146 „ 10.
680 3074 2642 3153 11126 Abbati et fratribus S. Benedicti super Ligerim (Floriacensibus) concedit haec:
459 3080 561 3146 „
735 3122 2644 3197 „licet archiepiscopi aut episcopi propter praesentiam nostram aliquod onus ad prae-
731 3186 2644 3246 sens obedientiis vestris imponant, nulli eorum fas sit posthac occasione illa contra
731 3241 2644 3299 antiquam consuetudinem vestram fratribus vestris, per obedientias constitutis, ali-
733 3294 2644 3358 quas exactiones imponere aut quidlibet ab eis exigere“. Epist. Innoc. III. ed. Baluzius
731 3339 2118 3416 II. 327, ed. Migne 216 p. 57. — „Quod aliqua necessitate“.
682 3400 2646 3464 11127 (7434) Episcopis, in quorum dioecesibus monasteria Fontebraldensia constituta
165 3400 351 3506 „ 11.
457 3405 554 3498 „
733 3451 2642 3557 sunt, interdicit, ne rirginibus ad Fontebraldensem ordinem transeuntibus munus Bene.
2269 3513 2364 3592 24*
908 145 1833 249 ALEXANDER III. 1159—1181.
2518 159 2642 253 187
