3007 3975
313 172 437 251 188
859 320 1195 410 1164 —1165.
943 379 2858 465 dictionis recusent in solemnitatibus b. virginis, in diebus dominicis, et in festivi-
943 457 2856 536 tatibus apostolorum. (Fragmentum.) Niquet Hist. de Tordre de Fontevraud p. 416,
943 507 1999 580 Migne 200 p. 334. — „. . . . inde est quod“.
333 507 558 691 R 11.
607 503 813 702 „„
890 558 2856 636 11128 (7435) Galtero episcopo et Roberto archidiacono Lingonensi mandat, ne Petro,
945 627 2858 684 Hugonis episcopi Suessionensis consanguineo, adimi ecclesiam de Sarrinia sinant.
945 673 2850 739 Duchesne Hist. Fr. SS. IV. 614, Bouquet Rec. XV. 816, Migne 200 p. 335. —
945 726 1544 803 „Admonet nos pastoralis“.
373 777 554 870 „ 15.
676 781 766 874 „
892 775 2858 854 11129 (7436) Henrico, archiepiscopo Remensi, mandat, cogat Henricum militem Deprigi,
947 845 2856 912 ut erepta monasterio S. Memmii restituat. Martene Coll. II. 704, Bouquet Rec.
947 887 2235 962 XV. 817, Migne 200 p. 335. — „Ex transmissa nobis“.
371 942 552 1035 „ 16.
680 940 766 1053 „
897 940 2861 1018 11130 Tetb(aldo) priori et clericis Crispeiensibus asserit theloneum castri Crispeii et
947 1013 2858 1073 pontis de Rount, a comite Radulfo concessum et a (Philippo) comite Flandrensi et
947 1066 2858 1128 Elisabetha, eius uxore, roboratum. In bibl. nat. Paris. Coll. Moreau t. 72. f. 137.
950 1119 1690 1183 — „Iustis petentium desideriis“.
371 1163 554 1252 „ 17.
680 1172 764 1249 „
897 1161 2861 1234 11131 (7437) Ludovicum, Francorum regem, rogat, ut a Iohanne Baril. ablata R. sacer-
947 1227 2858 1294 doti bona reddi cogat. Duchesne Hist. Fr. SS. IV. 606, Bouquet Rec. XV. 817, Mansi
950 1278 2379 1349 XXI. 997, Migne 200 p. 336. — „Exposcit tuae celsitudinis“.
377 1320 556 1408 „ 20.
678 1260 764 1461 „
897 1327 2858 1397 11132 Giraldo, episcopo Tornacensi, mandat, ne „obedientiam de Uscia occasione pro-
947 1389 2856 1457 curationis suae in ullo gravet“. Ex cod. Corb. 5., ms. lat. 17767 in bibl. nat. Paris.
950 1437 1734 1512 Misit Delisle. — „Ex transmissa“.
371 1492 554 1565 „ 25.
684 1508 764 1572 „
899 1486 2861 1563 11133 (7438) Henrico, archiepiscopo Remensi, fratres Cistercienses commendat. Mar-
950 1550 2863 1625 tene Coll. II. 705, Bouquet Rec. XV. 817, Migne 200 p. 336. — „Cum ad uni-
950 1612 1137 1673 versos“.
373 1647 561 1735 „ 25.
678 1665 766 1782 „
897 1651 2863 1726 11134 Compositionem inter fratres Thenolienses et Guibertum sacerdotem S. Goberti
952 1724 2863 1782 super decima territorii, in eiusdem ecclesiae parochia siti, confirmat. In bibl. nat.
947 1768 2861 1846 Paris. Chartul. Thenoliens. ms. lat. 5649. s. XIII. f. 22. — „Iustis petentium de-
947 1830 1159 1888 sideriis“.
375 1874 561 1956 „ 30.
678 1881 773 1996 „
897 1866 2863 1961 11135 Archiepiscopis et episcopis, in quorum episcopatibus ecclesiae b. Vedasti con-
945 1941 2863 1998 stitutae sunt, interdicit, ne Martinum abbatem synodis eorum interesse cogant, „dum-
947 1989 2861 2058 modo maiores personae, quae in ecclesiis illis consistant, ad synodos accesserint“.
947 2049 2863 2104 Guimann Cart. de S.-Vaast d'Arras p. 85: „III. kal. Apr.“; Tailliar Rech. p. s. à
947 2097 2863 2179 Ihist. de St.-Vaast p. 386 teste Wauters Table chron. II. 452: „kal. Apr.“. — „Sug-
950 2155 1380 2226 gestum est nobis“.
340 2201 563 2312 Apr. 3.
680 2212 775 2274 „
897 2195 2863 2274 11136 (7439) Ludovico, Francorum regi, Er(mengardam) nobilem mulierem de Narbona
947 2259 2863 2329 commendat. Duchesne H. Fr. SS. IV. 629, Bouquet Rec. XV. 818, Mansi XXI. 1027,
950 2325 2043 2380 Migne 200 p. 337. — „Ad regiae sublimitatis“.
671 2358 782 2449 („)
897 2362 2863 2440 11137 Monasterii S. Quintini de Insula protectionem suscipit, possessionesque et iura
954 2435 2863 2499 confirmat, petente Hugone abbate. In bibl. nat. Paris. Chartul. S. Quintini ms. lat.
950 2477 2297 2552 12895. s. XVII. f. 78“. — „Religiosam vitam eligentibus“.
899 2530 2863 2612 11138 Hispaniarum regi de abrenuntiatione P. archiepiscopi scribit. („In sexto libro
952 2590 2536 2667 regesti Alex. III.“) Neues Archiv VI. 295. — „Cum dilectus filius“.
870 2663 2419 2762 1165. (Ind. 13. pont. a. 6. — 20. Sept. — 7, 1164. — 25. Mart. — 1165.)
344 2749 563 2835 fan. 6.
620 2729 819 2857 Senoni.
897 2751 2863 2826 11139 Parthenonis S. Georgii Redonensis patrocinium suscipit, bonaque et privilegia
952 2820 2863 2875 confirmat, petente Adela abbatissa. De la Bigne Cartul. de S. Georges de Rennes
952 2862 1822 2932 p. 172. — „Religiosis votis annuere“.
377 2912 561 2990 „ 13.
691 2923 773 2998 „
901 2910 2861 2990 11140 (7441) Ludovico, Francorum regi, qui P. subdiaconum suum benigne susceperit,
952 2974 2861 3043 gratias agit. Hugonem baronem, regis nuncium, scribit pari modo a sese receptum
954 3034 2861 3096 esse. Convenire cum rege cupit. Duchesne Hist. Fr. SS. IV. 607, Bouquet Rec.
952 3089 2545 3146 XV. 812, Mansi XXI. 998, Migne 200 p. 337. — „Rediens ad nos“.
380 3118 563 3206 „ 13.
684 3135 773 3206 „
901 3135 2863 3208 11141 Monasterii S. Remigii Remensis tutelam suscipit, possessionesque et privilegia
952 3197 2863 3259 confirmat, petente Petro abbate. In bibl. nat. Paris. Coll. Moreau t. 73. f. 154,
954 3255 2861 3316 Chartul. S. Oricoli Sindunensis ms. lat. 5431. s. XVI. f. 72, (Neues Archiv VII. 98).
956 3303 1679 3363 — „Piae postulatio voluntatis“.
380 3347 567 3473 „ 48.
669 3354 784 3539 „
901 3352 2858 3420 11142 (7419) Magistro F. et ma(gistro) R., Remensi canonico, iam iterum mandat, ut
954 3414 2856 3493 inter Theobaudum Bigotum et Thomam iudicium faciant. Martene Coll. II. 699,
952 3462 2006 3577 Migne 200 p. 926. — „Super cansam, quae“.
1126 163 2048 256 ALEXANDER III. 1159—1181.
