3007 3975
667 302 2220 399 1165. (Ind. 13, pont. a. 6. — 20. Sept. — 7, 1164. — 25. Mart. — 1165.)
141 368 364 470 lan. 13.
413 359 612 485 Senoni.
695 379 2664 452 11143 (7420) Henrico, archiepiscopo Remensi, mandat, homines ecclesiae b. Remigii
748 437 2666 512 hortetur, ut „abbatem ad extenuanda debita efficaciter adiuvent“. Martene Coll.
746 501 2054 556 II. 700, Migne 200 p. 327. — „Affectus nobis pietatis“.
178 543 357 629 „ 18.
486 558 576 633 „
695 554 2666 613 11144 Monasterii S. Laurentii de Cornu Cervino tutelam suscipit ac possessiones con-
746 607 2664 671 firmat, petente Sanctio priore. Ex orig. in ms. lat. 9223. bibl. nat. Paris. Misit
746 671 1460 722 Delisle. — „Desiderium quod“.
174 700 355 795 „ 21.
488 680 567 783 „
693 713 2666 781 11145 Monasterii de Curia-dei patrocinium suscipit, bonaque et iura confirmat, petente
744 768 2664 834 Leodegario abbate. Iarry L'abbaye de la Cour-Dieu p. 183. — „Religiosis votis“.
178 823 357 901 „ 21.
479 828 574 903 „
695 828 2666 892 11146 Monasterii S. Petri Insulae Germanicae protectionem suscipit, possessionesque
746 885 2666 945 et iura confirmat, petente Drogone abbate. Lalore Coll. des cart. de Troyes VI. 216.
746 947 1595 1004 — „ „ „  praedecessorum nostrorum“.
174 973 357 1082 „ 22.
483 958 570 1093 „
693 987 2666 1057 11147 (7442) Monasterii Fusniacensis protectionem suscipit, bona confirmat, privilegia
746 1051 2666 1108 auget, petente Roberto abbate. Coll. Moreau t. 73. f. 161 in bibl. nat. Paris., (De
746 1099 2664 1161 Lancy Hist. Fusniac. coenobii p. 26, Migne 200 p. 338. — „Religiosis desideriis dignum“.
178 1152 357 1234 „ 25.
481 1106 574 1230 „
695 1150 2664 1230 11148 *Guarino abbati S. Martini Laudunensi privilegium tribuit. Coll. Baluze t. 51
744 1203 1354 1272 f. 131 in bibl. nat. Paris.
176 1256 357 1344 „ 26.
479 1265 581 1362 „
695 1269 2666 1331 11149 (7443) Monasterii SS. Petri et Pauli Carnotensis tutelam suscipit, possessiones-
746 1313 2664 1386 que confirmat, petente Fulcherio abbate. Autogr. in bibl. nat. Paris. ms. lat. 9221,
746 1378 2280 1437 (Collection des Cartulaires II. 650). — „Pie postulatio voluntatis“.
183 1422 360 1517 „ 26.
479 1437 583 1534 „
695 1433 2668 1492 11150 (7444) Ludovico, Francorum regi, mittit imperatoris Constantinopolitani ad Hen-
746 1490 2666 1550 ricum, archiepiscopum Beneventanum, litteras, ex quibus cognoverit, quanta imperator
746 1539 2664 1605 benignitate Ludovici epistolam „olim ad suggestionem suam et fratrum snorum“
746 1590 2664 1660 missam susceperit. Duchesne Hist. Fr. SS. IV. 625, Bouquet Rec. XV. 814, Mansi
746 1647 2050 1711 XXI. 1022, Migne 200 p. 339. — „A memoria nostra“.
143 1704 362 1784 Febr. 2.
472 1702 578 1888 „
695 1698 2666 1771 11151 (7445) Monasterii Cisterciensis protectionem suscipit possessionesque confirmat,
746 1755 2666 1828 petente Gilliberto abbate. Henriquez Regula p. 55, Eclaircissement des privileges
746 1810 2657 1879 de T'ordre des Cisteaux p. 274, Pflugk-Harttung Acta I. 263, Migne 200 p. 340. —
746 1874 1458 1938 „Religiosam vitam eligentibus“.
178 1923 362 1998 „ 3.
481 1921 581 2005 „
695 1919 2666 1987 11152 *Azelino, abbati Septem-fontium (dioec. Augustodun.), bullam tribuit, qua con-
746 1978 2664 2047 firmat fratrum disciplinam ac bona a Wicardo de Bourbon et Hudigno de laligny
746 2038 2041 2097 et Elisabetha eius matre donata. Gall. Christ. IV. 499.
181 2084 360 2179 „ 4.
475 2080 578 2197 „
695 2093 2664 2150 11153 (7446) Monasterium S. Crucis Burdigalense, rogatu Bertrandi abbatis, tuendum
748 2148 2664 2214 suscipit et eius bona iuraque confirmat, imposito monachis marbotini unius censu
746 2195 2664 2261 annuo. Gall. Chr. II. Instr. p. 313, Migne 200 p. 341. — „Piae postulatio voluntatis“.
181 2241 364 2340 „ 4.
481 2184 583 2351 „
695 2256 2666 2320 11154 B(ertrando) archiepiscopo Burdegalensi mandat, ut et eum, qui in monasterio
746 2303 2666 2373 S. Macharii „pro priore se gerat, et quatuor principales fautores eius“, abbati S. Crucis
746 2369 2664 2431 debitam subiectionem denegantes, excommunicet. Archives hist. de la Gironde I. 233.
751 2418 1442 2488 — „Veniens ad praesentiam“.
183 2464 366 2550 „ 7.
483 2468 583 2599 „
695 2477 2664 2541 11155 (7447) Monasterii Dunensis protectionem suscipit, possessionesque ac privilegia,
748 2532 2664 2599 petente Hidesbaldo abbate, confirmat. Miraei Opp. dipl. II. 1315, Migne 200 p. 343,
748 2583 2262 2643 (Cron. et Cartul. de Dunis p. 260). — „Religiosis votis annuere“.
159 2616 267 2744 („)
492 2647 578 2764 „
700 2638 2664 2705 11156 Abbati et fratribus Bergensibus atque clericis S. Walpurgis Furnensibus inter-
751 2687 2666 2756 dicit, ne a monachis Dunensibus decimas de nutrimentis animalium exigere prae-
748 2747 2430 2806 sumant. Cron. et cartul. de Dunis p. 269. — „Pervenit ad audientiam“.
181 2789 368 2864 „ 8.
481 2797 583 2919 „
695 2793 2662 2879 11157 Monasterii S. Iustinae et S. Prosdocimi Patavini patrocinium suscipit, posses-
748 2864 2666 2919 sionesque et privilegia confirmat, petente Arderico abbate. Gloria Cod. dipl. Pad.
746 2910 1736 2981 II. 116. — „Apostolicae sedis auctoritate“.
185 2950 364 3045 „ 8.
486 2941 578 3038 „
700 2956 2666 3029 11158 (7448) Monasterii Rupensis patrocinium suscipit bonaque ac decimarum immu-
751 3025 2664 3085 nitatem confirmat, petente Iohanne abbate. Gall. Chr. XII. Instr. p. 132, Migne 200
748 3071 1612 3142 p. 345. — „Apostolici moderaminis“.
183 3115 368 3202 „ 11.
481 3124 583 3199 „
698 3131 2666 3197 11159 Monasterium Dervense tuendum suscipit, eiusque possessiones et privilegia con-
751 3188 2664 3246 firmat, petente Galtero abbate. Pflugk-Harttung Acta I. 240, (cuius textus cor-
751 3237 2662 3299 rigendus est ex copia s. XVIII in bibl. nat. Paris. Coll. Moreau t. 73. f. 163). —
753 3288 1646 3354 „Quotiens illud a“ „Quotiens a nobis“.
185 3314 371 3500 „ 18
470 3314 583 3489 „
702 3341 2666 3427 11160 Monasterii S. Winnoci Bergensis protectionem suscipit, bonaque et iura con-
751 3405 2660 3495 firmat, petente Gualtero abbate. Pruvost Chron. de Bergues-St.-Winoc I. 125. —
753 3453 1250 3553 „Ad hoc universalis“.
930 147 1853 240 ALEXANDER III. 1159—1181.
2538 145 2664 249 189
