3007 3975
293 152 417 247 190
832 309 2383 395 1165. (Ind. 13, pont. a. 6. — 20. Sept. — 7, 1164. — 25. Mart. — 1165.)
302 379 528 472 Febr. 19.
578 368 782 465 Senonis
861 388 2823 461 11161 Parthenonis S. Crucis Pictaviensis tutelam suscipit, possessionesque confirmat,
914 448 2823 512 petente Hermelendi abbatissa. In bibl. nat. Paris. ms. lat. 18380. (Dom Fonteneau V.)
916 503 1747 569 f. 387. — „Prudentibus virginibus“.
309 549 525 700 Rert. 1.
647 560 740 636 „
866 552 2825 622 11162 (7449) Concordiam inter Stephanum, quondam episcopum Parisiensem, et Theo-
916 613 2825 682 baldum archidiaconum factam confirmat. Collection des Cartulaires IV. 27, Theodori
916 671 2054 724 Poenitentiale II. 718. — „Officii nostri debitum“.
340 706 521 803 „ 3.
653 713 740 810 „
863 719 2823 792 11163 Monasterii S. Lupi Trecensis patrocinium suscipit, et possessiones confirmat,
914 777 2823 839 petente Guitero abbate. Lalore Coll. des cart. de Troyes I. 64. — „Quotiens illud a“.
333 834 521 903 „ 8.
638 817 737 912 „
863 823 2825 892 11164 Monasterii S. Petri Cellensis (seu Insulae Germanicae) tutelam suscipit ac pos-
914 887 2825 954 sessiones confirmat, petente Drogone abbate. Lalore Coll. des cart. de Troyes VI. 221.
914 947 1436 1004 — „Quotiens illud a“.
338 967 523 1075 „ 13.
645 967 731 1068 „
863 989 2828 1055 11165 Galtero abbati S. Petri Selincurtensi eiusque successoribus privilegium concedit.
916 1051 1913 1117 Neues Archiv VII. 98. — „Pie postulatio“.
338 1099 523 1207 „ 15.
642 1113 740 1232 „
863 1101 2828 1168 11166 Archiepiscopis et episcopis, in quorum dioecesibus ecclesiae monasterii S. Ber-
914 1154 2825 1223 tini Sithiensis consistant, praecipit, ut, si „aliqua causa interveniente, abbas S. Ber-
916 1216 2825 1283 tini synodis eorum interesse non poterit, ecclesiis eius propterea nullum gravamen
916 1272 2825 1333 vel molestiam inferant“. In bibl. nat. Paris. Coll. Moreau t. 74. f. 77, (Vide Ioh.
916 1318 2412 1393 Longi Chron. in MG. SS. XXV. 808). — „Suggestum nobis est“.
340 1373 523 1448 „ 20.
638 1378 740 1453 „
861 1371 2830 1442 11167 (7450) Monasterii S. Martini Augustodunensis protectionem suscipit, possessiones-
916 1439 2830 1499 que et privilegia confirmat, petente Guillelmo abbate. Bulliot Essai hist. II. 40,
914 1488 1946 1559 Migne 200 p. 346. — „Ad hoc universalis“.
340 1537 525 1616 „ 21.
636 1486 744 1627 „
863 1537 2830 1616 11168 Parthenonis Pomeriensis protectionem suscipit, bonaque et privilegia confirmat,
916 1594 2830 1669 petente Amelina abbatissa. Compositionem cum parthenone Paraclitensi de quibus-
914 1654 2830 1718 dam capitulis factam ab Hugone, archiepiscopo Senonensi, probat. Lalore Coll. des
910 1715 2063 1768 cart. de Troyes II. 23. — „Desiderium quod ad“.
340 1760 525 1839 „ 27.
645 1760 742 1835 „
863 1753 2830 1826 11169 (7451) (Gilberto) abbati Cisterciensi scribit, „occasione (Gaufridi) abbatis Clare-
916 1821 2830 1879 vallensi monasterio praesidentis, qui non eam gratiam et reverentiam in oculis regum
919 1879 2832 1936 et principum promeruerit, quam antecessores eius promeruisse noscantur, ipsi mona-
914 1925 2828 1994 sterio non modicum derogari et totum ordinem non minimum exinde incommodum
914 1983 2828 2044 sustinere“. Mandat, ut eundem abbatem, nisi voluntarie abdicet, adhibitis (Henrico)
914 2036 2830 2100 archiepiscopo Remensi et (Alano) episcopo Altissiodorensi, removeat, aliumque eligi
916 2095 2830 2157 faciat. Martene Coll. II. 706, Bouquet Rec. XV. 829, Migne 200 p. 348. — „Di-
916 2144 1500 2208 lectionis tuae prudentia“.
344 2195 525 2281 „ 28.
645 2199 744 2285 „
863 2199 2830 2265 11170 Ecclesiae Diensis tutelam suscipit, possessionesque confirmat, petente Petro epi-
914 2259 2830 2323 scopo. Gall. Christ. XVI. Instr. p. 186, Doc. inéd. rel. au Dauph. II. Cartul. de Die
916 2314 1794 2380 p. 20. — „Piae postulatio voluntatis“.
309 2360 528 2460 Apr. 1.
642 2360 748 2457 „
866 2365 2830 2429 11171 (7452) Henricum, archiepiscopum Remensem, in monasterio Clarevallensi non
916 2422 2828 2491 potuisse mandatum suum exsequi, dolet, ad seque reverti iubet, ut cum eo et cum
916 2475 2830 2541 (Alano), episcopo Altissiodorensi, atque Henrico tit. SS. Nerei et Achillei presbytero
916 2532 2830 2592 cardinali et G(odefrido) quondam episcopo Lingonensi „super facto ipso cautius de-
914 2583 2823 2650 liberet“. Martene Coll. II. 1011, Bouquet Rec. XV. 830, Migne 200 p. 350. —
916 2636 1394 2700 „Quod super verbo“.
353 2689 525 2769 „ 4.
649 2634 740 2771 „
863 2685 2492 2756 „Pascha“. Bosonis card. Vita Alexandri ap. Watterich II. 396 et 400.
333 2749 523 2831 „ 6.
631 2749 746 2826 „
866 2749 2828 2813 11172 Universis „in anniversario die consecrationis altaris Senonensis ecclesiae (19. Apr.
921 2806 2828 2864 1164) convenientibus“ relaxationem 20 dierum de iniuncta penitentia indulget eos-
916 2862 2828 2921 que hortatur, ut ad ecclesiam conficiendam aliquid de bonis suis conferant. Quantin
914 2908 2154 2972 Cart. gén. de TTonne II. 179. — „Officii nostri nos“.
342 2943 525 3036 „ 7.
658 2926 726 3043 „
866 2956 2830 3032 11173 Canonicorum S. Stephani Senonensium tutelam suscipit, possessionesque et privi-
914 3025 2733 3085 legia confirmat. Quantin Cart. gén. de ITonne II. 180. — „Quotiens illud a“.
342 3080 525 3146 „ 12.
587 3071 784 3151 Parisiis
861 3074 2828 3138 11174 *Monasterii S. Mariae Fontis-Comitis patrocinium suscipit. Gall. Christ. II. 1342,
914 3133 2109 3193 Mém. de la soc. des antiquaires de louest III. 235.
338 3186 525 3259 „ 14.
649 3193 740 3257 „
866 3180 2830 3248 11175 Monasterii S. Nicolai Tornacensis tutelam suscipit ac possessiones confirmat,
916 3241 2828 3310 petente Roberto abbate. Vos L'abbaye de St.-Médard II. 50 (non vidi), Anal. p. s.
916 3292 2423 3365 à Ihist. eccl. de la Belgique VII. 481. — „Desiderium quod ad“.
338 3330 530 3480 „ 14.
634 3339 748 3517 „
866 3339 2830 3414 11176 (7453) Monasterium S. Sereni Cantumerulense tuendum suscipit bonaque eius
916 3400 2825 3484 confirmat, petente Gregorio abbate. Gall. Chr. XII. Instr. p. 271, Migne 200 p. 351.
919 3462 1703 3557 — „Effectum iusta postulantibus“.
1095 159 2019 242 ALEXANDER III. 1159—1181.
