3007 3975
649 318 2204 399 1165. (Ind. 13, pont. a. 6. — 20. Sept. — 7, 1164. — 25. Mart. — 1165.)
125 379 342 490 Apr. 17.
399 390 598 521 Paridi.
676 388 2646 463 11177 (7454) Monasterium S. Walarici tuendum suscipit et eius bona ac iura con-
729 450 2640 518 firmat, petente Asselino abbate. Gall. Chr. X. Instr. p. 317, Migne 200 p. 352. —
731 518 1170 574 „Quotiens illud a“.
167 549 344 638 „ 19.
463 563 550 651 „
673 556 1966 624 Cum Ludovico, Francorum rege. Vide infra ep. 11183.
163 627 340 697 „ 20.
446 620 563 700 „
676 609 2649 684 11178 (7455) Ecclesiae Parisiensis tutelam suscipit canonicorumque bona et privilegia
729 673 2646 737 confirmat, petente Clemente decano. („XII. kal. Maii“. De fide tabulae non est
733 733 2644 790 dubitandum.) Autogr. in tab. nat. Paris. L. 230. n. 28“., Copia a. 1308 ibid. n. 28“,
729 786 2651 854 (Collection des Cartulaires IV. 227, Migne 200 p. 353). — „Effectum iusta postu-
733 841 963 905 lantibus“.
163 883 342 971 „ 20.
399 883 607 960 Stampis
680 883 2649 956 11179 Inter fratres S. Martini de Campis et P. presbyterum de Crisperiis compositio-
731 951 2649 1011 nem super redditibus quibusdam, M(auritio) episcopo Parisiensi et Hugone abbate
731 1000 2644 1071 S. Germani de Pratis mediantibus, factam approbat. („XII. kal. Maii.“ Bulla omni
731 1064 2649 1119 suspicione caret.) Autogr. in tab. nat. Paris. L. 231. — „Iustis petentium desideriis“.
161 1101 344 1194 „ 21.
455 1104 556 1234 „
680 1113 2646 1179 11180 Ecclesiae S. Mariae de Vado Ulmi, a Widone, ostiario Ludovici, Francorum
731 1168 2649 1230 regis fundatae, tutelam suscipit possessionesque confirmat. Ex chartular. S. Evurtii
733 1216 2653 1291 p. 529 ms. lat. 10089 in bibl. nat. Paris. misit Delisle; In eadem bibl. Coll. Baluze
733 1287 1524 1349 t. 78. f. 749. — „Effectum iusta“.
165 1322 344 1431 „ 21.
466 1333 556 1422 „
682 1336 2651 1397 11181 M(auritio) episcopo Parisiensi mandat, moneat canonicos suos, ut in eligendo
731 1393 2598 1448 decano tandem conveniant. Loewenfeld Epistolae p. 137. — „Ex relatione tua“.
163 1419 346 1528 „ 21.
461 1433 552 1523 „
687 1444 2649 1508 11182 (7456) Henricum, archiepiscopum Remensem, constituit iudicem inter Agnetem
731 1501 2646 1565 abbatissam sororesque S. Glodesindis (Metensis) et monachos S. Theobaldi de Vitreio.
733 1550 2651 1618 (Pro „XI. kal. Martias“ leg. „XI. kal. Maias“.) Martene Coll. II. 691, Migne 200
731 1605 1699 1680 p. 354. — „Ex conquestione dilectarum“.
170 1629 642 1744 „ 25. ap. S. Bene.
680 1660 2651 1726 11183 (7457) Ludovicum, Francorum regem, sicut „proxima secunda feria, quae prae-
355 1726 647 1806 dictum super
733 1724 2651 1779 teriit (d. 19. m. Apr.) Parisiis“ viva voce rogaverat, sic nunc per litteras rogat, ut
402 1771 609 1843 Ligerim
737 1782 2651 1835 clerico cuidam unum ex archidiaconatibus Carnotensibus concedat. Duchesne Hist.
731 1821 2646 1892 Fr. SS. IV. 625, Bouquet Rec. XV. 832, Mansi XXI. 1023, Migne 200 p. 354. —
731 1881 1182 1943 „Cum in proxima“.
167 1930 346 2011 „ 28.
397 1932 612 2075 piurcis
680 1936 2653 2007 11184 (7458) Statuit, „ut in ecclesiis monasterii S. Petri Carnotensis, in quibus est
733 1994 2653 2055 quatuor vel quinque monachorum conventus, capellanis earum nullatenus liceat in
733 2053 2653 2111 maiori altari missarum solempnia populo celebrare, sed chorum et magnum altare
735 2106 2651 2170 solis monachis reserventur“. Autogr. in ms. lat. 9221 bibl. nat. Paris. Dedit Delisle,
731 2157 2653 2221 (Collection des Cartulaires II. 650, Migne 200 p. 355). — „Pervenit ad nos“
731 2206 1241 2281 („Nos . . . statuimus“).
165 2256 346 2327 „ 29.
466 2259 565 2389 „
689 2259 2653 2332 11185 (7459) Theubaldo, nobili viro, ecclesiam Bonaevallensem et Walterum, novum
735 2323 2651 2393 abbatem, commendat. Duchesne Hist. Fr. SS. IV. 608, Bouquet Rec. XV. 832,
733 2369 2129 2446 Mansi XXI. 999, Migne 200 p. 355. — „Religiosa loca et“.
134 2413 351 2546 Rai. 7.
463 2426 563 2574 „
684 2426 2653 2495 11186 (7460) Abbatem S. Remigii Remensem hortatur, ut priori S. Mauritii posses-
733 2479 2653 2550 sionem quandam restituat. Martene Coll. II. 666, Migne 200 p. 355. — „Dilectus
731 2537 1051 2608 fillius noster“.
170 2577 351 2709 „ 13.
466 2552 563 2720 „
687 2590 2651 2663 11187 (7461) Monasterium Rigniacense tuendum suscipit et eius possessiones ac iura
735 2654 2651 2716 confirmat, petente Ascelino abbate. Gall. Chr. XII. 129, Quantin Cart. gén. de
731 2703 2359 2767 IVonne II. 171, Migne 200 p. 356. — „Religiosis desideriis dignum“.
170 2744 346 2826 „ 12.
468 2749 565 2831 „
689 2758 2653 2822 11188 (7462) Monasterium Boni-montis tuendum suscipit, eiusque bona ac iura con-
735 2820 2651 2881 firmat, petente Iohanne abbate. Hist. Patr. Mon. Chart. I. 831, Migne 200 p. 359.
740 2864 1427 2939 — „Religiosis votis annuere“.
172 2917 351 2998 „ 13.
466 2928 570 3029 „
687 2919 2653 2987 11189 (7463) Ecclesiae S. Marci Venetae possessiones confirmat, rogatu Vitalis ducis
742 2985 2651 3047 et civium Venetorum. Cornelii Eccl. Venet. X. II. 219, Fontes Rer. Austr. II. XII. 145,
740 3034 2651 3098 Migne 200 p. 362. — „Piae postulatio voluntatis effectu“ („Pie postulationis effectu“
737 3091 1142 3153 „Praepostulatio“.)
174 3127 353 3208 „ 15.
466 3131 574 3261 „
689 3142 2651 3206 11190 (7464) Templarios in Lugdunensi et Cabilonensi episcopatibus morantes hortatur,
740 3204 2653 3259 ut cum fratribus Trenorciensibus de decimis quibusdam monasterio subtractis trans-
740 3248 2653 3319 igant. Iuenin Nouv. hist. de Tournus Pr. p. 167, Migne 200 p. 363. — „Ex parte
737 3308 961 3372 fratrum“.
172 3347 360 3471 „ 18.
461 3352 570 3478 „
689 3352 2651 3440 11191 Abbatiae S. Mariae Blesensis tutelam suscipit, possessionesque et privilegia con-
740 3418 2649 3506 firmat, petente Ivysano abbate. Cartul. de Burgo-medio Bles., Coll. Housseau 12. I.
742 3467 1579 3579 f. 76. — „Religiosis votis annuere“.
914 161 1842 249 ALEXANDER III. 1159—1181.
2527 159 2646 251 191
