3007 3975
333 192 452 273 192
874 320 2423 417 1165. (Ind. 13. pont. a. 6. — 20. Sept. — 7, 1164. — 25. Mart. — 1165.)
353 373 570 492 Mai. 17.
616 382 835 485 Bituricis
905 404 2867 479 11192 (7465) Monasterium S. Satyri iuxta Sacrum-Caesaris situm tuendum suscipit et
958 470 2865 538 eius bona iuraque confirmat, petente lohanne abbate. Gall. Chr. II. Instr. p. 54,
958 523 2026 589 Migne 200 p. 364. — „Desiderium, quod ad“.
362 558 470 658 („)
908 567 2870 640 11193 (7466) Abbatem et fratres Pontiniacenses, Thomam archiepiscopum Cantuarien-
958 636 2867 691 sem honeste tractantes laudat, eundemque iis commendat. Epist. S. Thomae ed.
961 682 2865 753 Lupus p. 123, ed. Giles II. 109, Manrique Ann. Cist. IV. 560, Migne 200 p. 368.
958 742 1535 810 — „Fidei et devotionis“.
388 757 866 889 „ 25. ap. Clarum-
908 795 2872 859 11194 (7467) Henrico, archiepiscopo Remensi, respondet, se „super Clarevallensis eccle-
636 854 832 931 montem
961 850 2872 912 siae negotio de consilio (Alani) episcopi Altissiodorensls et Henrici tit. SS. Nerei et
958 909 2872 978 Achillei presbyteri cardinalis processisse“. „De visitatione“ agit gratias. Martene
956 965 2872 1020 Coll. II. 713, Bouquet Rec. XV. 833, Migne 200 p. 368. — „Super Clarevallensis“.
386 1002 570 1093 „ 26.
680 1013 782 1090 „
912 1020 2874 1082 11195 (7468) Fratribus ecclesiae S. Petri Carnotensis hoc concedit, „ne quis episcopus
963 1068 2872 1132 quempiam de monachis eorum absque evidente et manifesta causa excommunicet,
961 1128 2872 1192 vel ab officio divino suspendat“. Coll. des Cartulaires II. 649, Migne 200 p. 369,
961 1181 2814 1245 (Autogr. in ms. lat. 9222 bibl. nat. Paris.). — „Ammonet nos“ („Constituimus, ne“).
386 1234 567 1322 „ 28.
689 1234 786 1320 „
910 1238 2872 1302 11196 Willelmo clerico asserit duas partes decumae de Rouvroy et tertiam de Haden-
961 1291 2872 1349 curt, a F. abbate et fratribus Flavicensibus donatas et a T(eoderico) episcopo Am-
965 1340 2872 1413 bianensi confirmatas. Ex Autogr. in bibl. nat. Paris. Coll. Grenier t. 305. n. 1.
961 1393 1791 1466 Misit Delisle. — „Iustis petentium“.
382 1417 567 1539 „ 28.
691 1450 782 1521 „
910 1444 2876 1517 11197 Archiepiscopo Aquensi eiusque suffraganeis praecipit, ne „si fratres Massilienses
961 1508 2872 1572 iis sub idoneo iudice iustitiam facere voluerint, in ecclesiis ipsorum interdicti sen-
961 1565 2874 1627 tentiam pro excessibus monachorum vel conversorum proferant“. Coll. des Cartulaires
963 1616 1716 1687 IX. 264. — „Cum ex iniuncto“.
353 1658 572 1751 lun. 4.
687 1649 782 1749 „
908 1660 2874 1740 11198 (7469) Henrico, archiepiscopo Remensi, mandat, compellat Walterum monachum
961 1724 2874 1790 Praemonstratensem, praepositum de Gasman, ut compositionem cum Everen. pres-
961 1782 2874 1848 bytero factam servet, ablataque eidem reddat. Martene Coll. II. 714, Migne 200
961 1835 1816 1908 p. 369. — „Veniens ad apostolicae“.
380 1870 570 1978 „ 3.
693 1899 786 1972 „
908 1881 2876 1958 11199 (7470) Ludovicum, Francorum regem, rogat, ut (Guillelmum) comitem Niver-
958 1949 2874 2011 nensem et (Idam) eius matrem a vexando monasterio Vizeliacensi deterreat. D'Achery
958 2000 2870 2075 Spic. II. 546, Bouquet Rec. XV. 834, Mansi XXI. 1044, Migne 200 p. 369. —
961 2060 1506 2126 „Ad regiae serenitatis“.
362 2108 475 2272 („)
687 2067 793 2192 („)
910 2106 2878 2177 11200 (7471) Hugoni, archiepiscopo Senonensi, mandat, hortetur comitem Nivernensem
961 2161 2876 2228 eiusque matrem, ut damna monasterio Vizeliacensi illata resarciant; quod nisi fecerint
961 2221 2878 2281 intra dies 20, excommunicatione affici eos iubet. D'Achery Spic. II. 545, Bouquet
961 2270 2823 2340 Rec. XV. 835, Mansi XXI. 1043, Migne 200 p. 370. — „Ad tuae fraternitatis“.
382 2283 572 2429 „ s.
689 2327 784 2442 „
912 2325 2878 2402 11201 (7472) Henrico Eduensi, Galterio Lingonensi, Alano Autissiodorensi et Bernardo
961 2382 2876 2449 Nivernensi episcopis praecipit, ut excommunicationis sententiam, quam (Hugo) archi-
963 2442 2876 2502 episcopus Senonensis protulerit in comitem Nivernensem et matrem eius, observent.
961 2482 2876 2561 D'Achery Spicil. II. 545, Bouquet Rec. XV. 836, Mansi XXI. 1044, Migne 200
961 2544 1829 2614 p. 371. — „Ad vestrae fraternitatis“.
384 2570 574 2689 „ 5.
689 2610 779 2687 „
914 2592 2878 2665 11202 (7473) Guillelmum abbatem et fratres Vizeliacenses de superioribus epistolis
965 2663 2881 2722 certiores facit. D'Achery Spic. II. 546, Bouquet Rec. XV. 836, Mansi XXI. 1045,
963 2714 2101 2784 Migne 200 p. 372. — „Susceptis litteris vestris“.
382 2736 572 2839 „ 5.
695 2775 784 2912 „
914 2764 2881 2842 11203 (7474) Henrico, archiepiscopo Remensi, mandat, ut Eust., Germundum et Theo-
963 2815 2878 2884 baldum, ab episcopo Catalaunensi quondam excommunicatos, nisi ablata Hersendi
961 2870 2881 2941 mulieri restituerint, iterum excommunicet. Martene Coll. II. 714, Migne 200 p. 372.
969 2939 1736 2998 — „Ex transmissa conquestione“.
386 2985 578 3062 „ 7.
695 2923 784 3062 „
916 2972 2881 3056 11204 (7475) Henricum, archiepiscopum Remensem, hortatur, ut libras 158, si Eustachio,
965 3040 2881 3104 magistro fratrum militiae templi, nondum numeratae sint, laboribus huius epistolae
967 3093 2878 3168 persolvat „pro mutua pecunia“ inquit „quam illis pro necessitatibus ecclesiae Romanae
967 3149 2878 3224 acceptam tenemur exsolvere“. Martene Coll. II. 715, Bouquet Rec. XV. 836, Migne
969 3210 1880 3266 200 p. 373. — „Dilectus filius noster“.
384 3266 583 3372 „ S.
680 3250 795 3347 „
916 3250 2881 3323 11205 (7476) Gilbertum, episcopum Londinensem, hortatur, una cum Roberto, episcopo
969 3316 2881 3378 Herefordensi, commoneat Henricum, Anglorum regem, „ut in eo, quod excesserit,
969 3367 2881 3438 satisfaciat, a pravis actibus omnino desistat, Romanam ecclesiam solita veneratione
969 3420 2881 3486 respiciat, nec eam visitare volentes inhibeat, appellationes ad eam factas nullo modo
969 3478 2876 3579 impediat, Thomam, archiepiscopum Cantuariensem, ad sedem suam bemignius rewocet,
1142 174 2056 269 ALEXANDER III. 1159—1181.
