3007 3975
649 320 2202 406 1165. (Ind. 13. pont. a. 6. — 20. Sept. — 7, 1164. — 25. Mart. 1165.)
731 390 2646 459 ecclesias vero et ecclesiasticas personas tam regni, quam terrae suae, nec per se
731 457 2646 521 gravet, nec a quoquam gravari patiatur“. Mandat, „ut denarium b. Petri praesentis
731 512 2646 569 anni per totam Angliam fideliter recolligi faciat“. Rogat, ut quousque praedictum
731 563 2646 624 denarium recolligat, de pecunia sua, vel aliunde mutuo acquisita, ipsi interim studeat
733 611 2646 682 utiliter providere, et illam infra proximas kalendas Augustas sibi transmittat, eandem
733 673 2646 739 postea de memorato denario recepturus“. (Pro: „VI. id. Iulii“ leg.: „VI. id. Iunii“.)
733 728 2651 795 Epist. S. Thomae ed. Lupus p. 56, ed. Giles II. 96, Migne 200 p. 373, (Mansi
735 777 1619 841 XXI. 877). — „A memoria tua non“.
680 836 2653 898 11206 (7477) Henricum, Anglorum regem, reprehendit, quod „iudicia clericorum a
117 825 640 925 (lun.) (ap. Clarum-
733 894 2651 960 laicorum iudiciis diversa pervertat, et quae sint lesu Christi, suae potestati usurpet,
397 905 618 976 montem)
733 951 2653 1011 novas leges ad oppressionem ecclesiarum et Christi pauperum condat, consuetudines
735 1009 2653 1068 etiam, quas avitas vocet, inducat“. Haec addit: „Si autem universa, quae in usus
737 1060 2653 1119 tuos per huiusmodi angarias de bonis ecclesiasticis convertuntur, in refectione pau-
737 1117 2655 1188 perum vel aliis operibus pietatis expenderes, obsequium non magis Deo gratum
735 1170 2653 1232 efficeres, quam si, altari quolibet discooperto, aliud cooperires, aut si Petrum cruci-
737 1221 2653 1294 figeres, ut Paulum a mortis periculo liberares“. Epist. S. Thomae ed. Lupus p. 67,
737 1272 2653 1347 ed. Giles II. 115, Rog. de Hov. ap. Savile R. A. SS. p. 286“, ed. Stubbs I. 241.
744 1331 2573 1395 Wilkins Conc. I. 443, Mansi XXI. 875, Migne 200 p. 375. — „Etsi circa nos“.
684 1382 2657 1448 11207 (7478) Thomam, archiepiscopum Cantuariensem, rogat, „quoniam dies mali sint
141 1384 247 1472 („)
463 1389 581 1484 („)
737 1448 2660 1506 et multa sint pro qualitate toleranda, ut in omnibus suis et ecclesiae agendis se
740 1501 2657 1561 cautum, providum et circumspectum exhibeat, ad gratiam regis Anglorum recuperan-
740 1550 2657 1616 dam enitatur, et usque ad proximum pascha eundem regem sustineat, ita quod nihil
742 1612 2657 1671 in eum vel terram ipsius usque ad praescriptum studeat exercere“. Epist. S. Thomae
740 1658 2660 1735 ed. Lupus p. 68, ed. Giles II. 6, Mansi XXI. 875, Migne 200 p. 377. — „Quoniam
737 1711 998 1784 dies mali“.
691 1762 2662 1843 11208 (7479) Thomae, archiepiscopo Cantuariensi, significat, se „sententiam ab episcopis
143 1766 256 1925 („
466 1744 578 1857 („)
742 1837 2657 1899 et baronibus Angliae, quoniam ad primam regis citationem sui copiam non fecisset,
740 1888 2660 1947 adversus eum praesumtuose prolatam, in qua omnia mobilia eius abiudicassent“, irri-
742 1947 2660 2016 tam fecisse. Epist. S. Thomae ed. Lupus p. 76, ed. Giles II. 7, Migne 200 p. 377.
744 2005 1376 2064 — „Quod minor maiorem“.
695 2040 2662 2115 11209 (7480) Abbati cuidam mandat, ut inter E. et A. sacerdotem iudicium faciat.
172 2014 355 2126 „ 9.
481 2069 572 2159 „
740 2102 2662 2177 (Haec epistola est Henrico, archiepiscopo Remensi, perperam inscripta.) Martene
740 2153 2101 2228 Coll. II. 715, Migne 200 p. 377. — „Ex litteris tuis, fili“.
695 2206 2662 2285 11210 Parthenonis S. Mariae de Bonesana tutelam suscipit, possessionesque confirmat,
178 2177 357 2303 „ 14.
475 2166 572 2307 „
744 2261 2662 2345 petente lovita priorissa. In bibl. nat. Paris. Coll. Moreau t. 74. f. 7. — „Religiosam
744 2323 1182 2391 vitam eligentibus“.
693 2367 2660 2444 11211 (7481) Monasterii Mauziacensis patrocinium suscipit, bonaque et iura confirmat,
181 2365 357 2475 „ 15.
477 2378 576 2479 „
744 2429 2662 2508 petente Petro abbate. Gall. Chr. II. Instr. p. 111, Migne 200 p. 378, (Bull. Clun.
744 2482 1707 2557 p. 68). — „Effectum iusta postulantibus“.
695 2539 2662 2605 11212 (7482) Monasterium b. IIIidii tuendum suscipit et possessiones iuraque eius con-
178 2517 360 2638 „ 15.
472 2515 578 2661 „
746 2590 2653 2674 firmat, petente Arnaldo abbate. Gall. Chr. II. Instr. p. 102, Migne 200 p. 380. —
748 2650 1186 2714 „Quotiens illud a“.
698 2696 2660 2771 11213 (7483) Ludovico, Francorum regi, affirmat, R. quondam ecclesiae b. Aniani can-
183 2689 362 2813 „ 25.
479 2718 583 2797 „
748 2767 2662 2826 torem, suasoribus omnibus, qui affuissent, fratribus suis, „officio ac beneficio cantorio
751 2813 2662 2884 privatum esse“; quem negat restitui posse. Humbert Antiqu. de Saint Aignan
751 2873 2662 2939 d'0rléans Pr. p. 51, Duchesne Hist. Fr. SS. IV. 624, Bouquet Rec. XV. 837, Mansi
753 2926 2167 2985 XXI. 1021, Migne 200 p. 381. — „Pervenit ad audientiam“.
693 2976 2662 3043 11214 Parthenonis S. Petri Bellimontis patrocinium suscipit, bonaque confirmat, petente
373 2943 667 3040 ap. monaste-
183 2970 254 3078 „
371 3038 667 3127 rium Casae-
746 3040 2662 3104 Caecilia abbatissa. (Verba „XII. kal. Iul.“ mendum sine dubio continent.) Mém.
463 3093 565 3160 dei
751 3087 2664 3153 de L'acad. de Clermont-Ferrand XIX. 130, Mon. pont. Arverniae p. 278. — „Reli-
751 3146 1358 3213 giosam vitam eligentibus“.
185 3180 2664 3378 „““ „ ass 1escesb letes. luscrs ap. E edsesrs faceser aes?
751 3263 2664 3314 commendat. De „novis illis, quae de Alemannia nuper venerint“ ita scribit: „con-
751 3310 2664 3374 fidas, quod ea quae ille persecutor ecclesiae, qui cum ipsa simulatam semper pacem
753 3372 2662 3431 quaesivit, adversum illam provenire credit, in sui ipsius verecundiam redundabunt;
755 3427 2662 3486 sicut enim accepimus et Moguntinus electus serenitati tuae poterit plenius intimare,
755 3480 2660 3581 de tota terra sua mommisi tres absolutum iuramentum praestare potuit cohiercere-
185 3517 751 3626 Regsts Pon. Rorran Ea as. I.
2319 3537 2392 3634 25
912 159 1838 258 ALEXANDER III. 1159—1181.
2520 165 2646 262 193
