3007 3975
331 167 450 271 194
868 306 2423 395 1165. (Ind. 13, pont. a. 6. — 20. Sept. — 7, 1164. — 25. Mart. — 1165.)
950 386 2867 454 alii siquidem multi sine ipsius licentia discesserunt, et illi, qui cum conditione iura-
952 450 2865 516 runt, iam sunt a conditione apposita absoluti“. Duchesne Hist. Fr. SS. IV. 614,
954 510 2865 571 Bouquet Rec. XV. 837, Mansi XXI. 1007, Migne 200 p. 382. — „Dilectum filium
954 556 1179 624 nostrum“.
881 600 2865 686 11216 (7485) Henrico, archiepiscopo Remensi, mandat, ut Radulfum presbyterum, a
349 554 872 737 1 „ „ tl. ear
952 666 2867 728 (Guidone) episcopo Catalaunensi excommunicatum ecclesiaque privatum, nisi ipse epi-
950 728 2865 783 scopus sententiam mutaverit, in integrum restituat. (Pro „Alestam“ non opus esse
950 779 2865 843 corrigere „Alesiam“, quod vult Reuter II. 185 n. 8, probavi supra p. 160 ad. Iul.
950 828 2680 892 1162.) Martene Coll. II. 716, Migne 200 p. 383. — „Cum olim Senonis“.
897 892 2865 965 11217 (7486) Clarembaldo, electo et monacho S. Augustini, denuo praecipit, „ut omni
380 850 863 969 „ 10. az usnten
950 956 2865 1015 appellatione cessante, Thomae Cantuariensi archiepiscopo et ecclesiae suae profes-
581 967 855 1037 pessulanum
950 1011 2865 1082 sionem faciat“. Epist. S. Thomae ed. Lupus p. 122, ed. Giles II. 109, Migne 200
947 1066 1827 1132 p. 383. — „Antecessorum nostrorum“.
901 1121 2865 1179 11218 (7487) Principibus, comitibus, baronibus et universis Dei fidelibus significat,
377 1119 561 1201 „ 14.
680 1126 768 1254 „
952 1179 2865 1238 „usque adeo feritatem paganorum invaluisse, quod usque ad portas Antiochenae
950 1230 2867 1294 civitatis Saraceni crudeliter debachentur, et quod princeps eiusdem civitatis, multis
952 1280 2865 1342 nobilibus viris et strenuis captis et interfectis, in eorum inciderit potestatem“. Ad
950 1342 2865 1402 defendendam ecclesiam orientalem instigat. Rymer Foedera I. 21, Migne 200 p. 384.
952 1395 1641 1466 — „Quantum praedecessores“.
899 1450 2863 1519 11219 Monasterii Leoncellensis (Fontis-Lionnae) tutelam suscipit, possessionesque et
373 1453 558 1532 „ 15.
680 1448 766 1572 „
952 1517 2865 1581 privilegia confirmat, petente Hugone abbate. Chevalier Coll. de cart. Dauphin. IV. 14.
954 1570 1471 1636 — „Quotiens illud a“.
901 1612 2867 1689 11220 (7488) Monasterium Bonifontis tuendum suscipit et eius bona ac iura confirmat,
375 1609 558 1700 „ 21.
689 1640 762 1766 „
950 1678 2865 1753 petente Petro abbate. Gall. Chr. I. Instr. p. 180, Migne 200 p. 386. — „Religiosis
952 1735 1305 1797 votis annuere“.
899 1782 2865 1850 11221 (7489) Monasterium S. Danielis Venetum tuendum suscipit, eiusque bona con-
375 1744 561 1868 „ 21.
691 1766 766 1855 „
950 1841 2863 1912 firmat, petente Arnoldo priore. Cornelii Eccl. Ven. IV. 189, Migne 200 p. 388,
952 1894 2478 1956 (Gloria Cod. dipl. Padov. II. 138). — „Piae postulatio voluntatis“.
899 1945 2863 2033 11222 Quae monasterio Cluniacensi Raimundus Petri „pro redemptione peccatorum“
377 1945 556 2040 „ 30.
684 1976 773 2047 „
950 2016 2865 2078 de assensu Dalmatii, quondam archiepiscopi Narbonensis, contulit, ea confirmat.
952 2069 2863 2133 In bibl. nat. Paris. Coll. Bourgogne t. 78. nr. 150, cop. s. XII ex., (Coll. Doat t. 128.
950 2124 2269 2195 f. 200, et t. 129. f. 40). — „Iustis petentium desideriis“.
901 2168 2861 2248 11223 (7491) (Hugoni) Rutenensi et (Geraldo) Cadurcensi episcopis mandat, ut
349 2164 558 2292 Ang. 1.
680 2199 779 2283 „
952 2241 2863 2296 de (Willelmi) episcopi canonicorumque Albiensium et monachorum Aureliacensium
950 2290 2863 2358 controversia decidant. Baluzii Misc. III. 20, Bouquet Rec. XV. 841, Migne 200
950 2351 1727 2418 p. 389. — „Causam, quae inter“.
901 2389 2865 2460 11224 (7492) Monachos Aureliacenses de superiore epistola certiores facit. Baluzii
380 2385 556 2510 „ 1.
682 2371 777 2524 „
952 2457 2858 2517 Misc. III. 20, Bouquet Rec. XV. 841, Migne 200 p. 390. — „Causam, quae inter“.
899 2510 2863 2588 11225 (Pontio) archiepiscopo Narbonensi et (lohanni) episcopo Magalonensi mandat,
377 2513 556 2621 „ 2.
684 2528 777 2627 „
952 2581 2863 2643 ut fratres quosdam Vallis-magnae, qui claustrum reliquerint et uxores duxerint, in
950 2634 2863 2691 monasterium redire iubeant. Quos, nisi obedierint, excommunicari iubet. Loewen-
952 2691 2149 2744 feld Epistolac p. 137. — „Ex transmissa relatione“.
901 2731 2863 2800 11226 (7493) Ordinis Cisterciensis leges confirmat, bulla ad Gislebertum abbatem.
377 2711 556 2828 „ 5.
689 2707 775 2842 „
952 2789 2863 2857 Eclaircissement des privileges de Tordre de Cisteaux p. 31, Duchesne Hist. Fr. SS.
952 2844 2863 2908 IV. 557, Mansi XXI. 959. Migne 200 p. 390. — „Sacrosancta Romana ecclesia“.
905 2910 2863 2965 11227 Canonicos S. Martini de Corcenato (dioec. Lutev.) a solvendis decumis eximit.
380 2903 561 3001 „ 5.
700 2881 771 3003 „
952 2956 2686 3023 In bibl. nat. Paris. ms. lat. 12761. f. 548. — „Iustis petentium desideriis“.
899 3014 2865 3076 11228 (Pontio) archiepiscopo Narbonensi eiusque suffraganeis mandat, ne a parochianis
375 2983 558 3122 „ g
695 3023 766 3113 „
952 3074 2863 3131 suis homines feria quadam in villa Anianensi convenientes iniuriis affici patiantur.
954 3127 2216 3197 Leewenfeld Epistolae p. 138. — „Ex commisso nobis“.
905 3177 2863 3266 11229 (7494) Pontio, archiepiscopo Narbonensi, et (Guillelmo), episcopo Biterrensi,
375 3171 561 3281 „ 6.
691 3184 773 3283 „
952 3246 2861 3305 mandat, ne Fontem-calidum auferri ecclesiae Vallis-crosae patiantur. Hugo O. P.
956 3297 2430 3372 A. I. Pr. p. 566, Migne 200 p. 394. — „Conquestiones dilecti“.
908 3354 2863 3416 11230 (7495) Ludovicum, Francorum regem, rogat, ut Thomae, exsulanti archiepiscopo
380 3321 565 3442 „ q
678 3365 777 3449 „
954 3407 2863 3478 Cantuariensi, „si quem episcopatum aut abbatiam in Gallia interim vacare contigerit,
954 3464 2858 3577 domec pas desiderata donetur. faciat assignari. Ducheane Hist. Fr. SS. IV. 615.
1137 156 2054 262 ALEXANDER III. 1159—1181.
