3007 3975
647 344 2207 426 1165. (Ind. 13, pont. a. 6. — 20. Sept. — 7, 1164. — 25. Mart. — 1765.)
729 406 2653 483 Gilberti Foliot epist. II. 113, Bouquet Rec. XV. 841, Mansi XXI. 100S, Migne 200
729 470 1573 543 p. 394. — „Qualiter venerabilis in“.
130 446 642 596 1a, 4 ce um-„.
673 521 2644 596 11231 *Privilegium Bernardo, episcopo Urgellensi, hoc die datum memorat Gams Series
353 591 638 691 pessulanum)
718 580 996 658 epp. p. 86.
673 618 2638 704 (Drogonem) archiepiscopum Lugdunensem consecrat „dominica ante festum S. Laurentii“
159 622 335 724 „ 8.
475 669 536 722 „
729 695 2262 757 Ep. S. Thomae ap. Duchesne H. Fr. SS. IV. 633, ed. Giles I. 385.
678 750 2642 814 11232 (7496) Iohanni episcopo et canonicis Magalonensibus praecipit, ut altare S. Sal-
156 742 338 830 „ 8.
457 759 552 874 „
729 803 2640 870 vatoris et oblationes iubeant a Guillelmo nobili viro et populo Montispessulani restitui
726 865 2642 929 priori ecclesiae S. Mariae. (Aliena manu additum est: „pontificatus nostri a. 4“.)
724 918 2640 987 Gariel Ser. I. 212, Bouquet Rec. XV. 342, Migne 200 p. 395. — „Sicut ex litteris“.
676 973 2644 1044 11233 *Inter fratres Casae-dei et monachos Mauziacenses super bonis quibusdam litem
154 954 335 1048 „ 8.
468 982 539 1053 „
722 1040 2646 1097 determinat. Chronicon mon. Casae-dei, ms. lat. 12818. f. 258 in bibl. nat. Paris.
152 1053 331 1168 „ 16.
673 1090 2646 1163 „Sequenti die lunae post assumptionem Mariae“. Hugonis Pictavini Hist. Vizeliac.
468 1110 541 1177 „
722 1139 2096 1210 L. IV. ap. D'Achery Spic. II. 550, in MG. SS. XXVI. 150.
669 1196 2644 1267 11234 (7497) Ludovico, Francorum regi, W(illelmum) electum Carnotensem commendat.
152 1177 324 1296 „ 19.
452 1201 552 1291 „
722 1258 2642 1322 Hortatur, ut in tuenda ecclesia perseveret, neve F(riderici) „dicti imperatoris“ man-
724 1313 2644 1378 datis commoveatur. Duchesne Hist. Fr. SS. IV. 622, Bouquet Rec. XV. 842, Mansi
724 1371 2642 1442 XXI. 1018, Migne 200 p. 396, (Lépinois et Merlet Cart. I. 171). — „Dilectum
718 1424 1102 1490 filium nostrum“.
667 1488 2642 1559 11235 (7498) G(uinardi) comitis Ruscinonensis (Rossilionensis) patrimonium confirmat,
150 1459 329 1570 „ 19.
444 1497 547 1585 „
720 1548 2642 1614 petente Trencavel, eius avunculo. Baluzii Misc. III. 20, Aguirre Conc. V. 82, Bou-
718 1601 2472 1669 quet Rec. XV. 843, Mansi XXI. 1061, Migne 200 p. 396. — „Nobiles et“.
669 1651 2640 1720 11236 (7499) Pontio Narbonensi et Hug(oni) Tarraconensi archiepiscopis et (Artaldo)
148 1612 326 1737 „ 19.
439 1638 545 1731 „
720 1709 2638 1771 Elenensi et (Guillelmo) Gerundensi episcopis mandat, ne G(uinardi) comitis Rusci-
718 1766 2635 1830 nonensis patrimonium invadi a nothis eius fratribus patiantur. Baluzii Misc. III. 20,
722 1815 2638 1901 Aguirre Conc. V. 83, Bouquet Rec. XV. 843, Mansi XXI. 1062, Migne 200 p. 397.
724 1879 1239 1945 „ „Suggestum nobis“.
375 1872 600 2011 Ia grada
665 1927 2638 2002 11237 (7500) Gilleberto, episcopo Londinensi, mandat, ne cesset Henricum Anglorum
148 1883 326 2018 „ „„
713 1998 2638 2053 regem ad conservanda ecclesiarum iura revocare, monereque ut (Thomam), archi-
380 1991 592 2064 Mercurii
715 2055 2638 2113 episcopum Cantuariensem, in gratiam recipiat. Addit de denario b. Petri ad abbatem
715 2106 2635 2166 S. Bertini mittendo. Epist. S. Thomae ed. Lupus p. 65, ed. Giles II. 99, Rog. de
715 2157 2635 2223 Hov. ap. Savile R. A. SS. p. 287, ed. Stubbs I. 243, Wilkins Conc. I. 443, Mansi
715 2210 1884 2274 XXI. 877, Migne 200 p. 397. — „Quod circa ea“.
95 2192 322 2340 „dagr2a.
665 2270 2284 2343 „Omnem apparatum redeundi ad Urbem facit“. Vide infra ep. 11238.
110 2325 620 2398 Sept. 10.  ap. Magalo-
658 2332 2631 2398 11238 (7501) Henrico, archiepiscopo Remensi, nunciat, se „circa octavas assumptionis
715 2391 2629 2455 b. Mariae (22. Aug.) omnem apparatum redeundi ad Urbem fecisse et ad navem
426 2393 552 2462 nem
711 2449 2629 2506 hospitalem accessisse“, sed subito galearum Pisanorum adventu perterritum, cum
711 2504 2626 2566 (Conrado) electo Moguntino et Io(hanne) Neapolitano et P. cardinalibus Magalonem
711 2559 2626 2621 rediisse. Haec addit: „Pisani galearum comites postmodum asseverarunt, quod nullam
709 2612 2626 2672 offendendi personam nostram voluntatem vel propositum invadendi res nostras habu-
711 2672 2626 2729 erunt“. Martene Coll. II. 718, Bouquet Rec. XV. 846, Migne 200 p. 398. — „Atten-
707 2720 1142 2786 dentes devotionis“.
110 2700 245 2859 Nor.
660 2771 2622 2837 Vide Bosonis card. Vitam Alexandri ap. Watterich II. 400; Romualdi Salern. Annal. in
368 2764 598 2859 Messanae
713 2824 2620 2895 MG. SS. XIX. 434. (In errore versatur auctor Annal. Reichersp. in MG. SS. XVII. 472,
707 2888 2620 2952 die 11. Nov. papam Franciam reliquisse narrans. Cf. Reuter II. 188. n. 2. Watten-
709 2941 1791 2998 bach in MG. SS. I. I. de adventus die cogitat.)
660 2990 1984 3065 Vide Bosonis card. Vitam Alexandri I. I., Rom. Salern. I. I.
384 2983 567 3054 Salerni
159 2981 174 3074 „
377 3043 572 3133 Caietae
143 3032 320 3131 „ 19.
658 3045 2618 3122 11239 (7502) Ecclesiae Rhegiensis tutelam suscipit, possessionesque ac iura metro-.
707 3118 2618 3184 politana confirmat. Rogerio archiepiscopo pallium concedit. Morisani De proto-
709 3168 2618 3244 papis cet. diatriba, Neapoli 1768, p. 220, (Ughelli It. sacr. IX. 325, Migne 200
709 3219 1427 3294 p. 399). — „Sicut in humani“.
391 3244 570 3343 Ostiae
148 3248 320 3327 „ 22.
662 3268 2065 3341 „In festo S. Caeciliae“. Bosonis card. Vita Alexandri p. 401.
141 3323 318 3429 „ 23.
380 3323 574 3436 Romam
656 3323 2615 3405 ingreditur „IX. kal. Dec.“. Vide duas epistolas 11240. 11242 et Bosonis card. Vitam
711 3389 2611 3458 Alexandri p. 401. (Falso igitur narrat Sigeberti Continuator Aquicinct. 1165 in
711 3440 2611 3509 MG. SS. VI. 411, papam in „festo S. Clementis papae“ i. e. Nov. 23 missam in
707 3500 2609 3601 ecclesia S. Petri celebrasse. Aliter censet Reuter II. 241. qui ep. 1124? non novit.)
2242 3553 2328 3648 25
923 176 1847 269 ALEXANDER III. 1159—1181.
2531 185 2655 278 195
