3007 3975
322 176 441 273 196
863 326 2421 419 1165. (Ind. 13, pont. a. 6. — 20. Sept. — 7, 1164. — 25. Mart. — 1165.)
331 377 558 516 Nov. 21.
605 382 824 503 Laterani
892 404 2861 472 11240 (7503) Henrico, archiepiscopo Remensi, eiusque suffraganeis significat, se „divérsa
943 470 2858 527 maris pericula et graves hostium et iniquorum incursus evadentem, ad portum tandem
947 527 2856 583 salutis pervenisse et a senatoribus populoque Romano devotissime invitatum, IX. kal.
943 565 2856 642 Dec. (23. Nov.) Urbem intrasse“. D'Achery Spic. III. 538, Martene Coll. II. 719,
945 631 2830 715 Bouquet Rec. XV. 847. Mansi XXI. 1042, Migne 200 p. 400. — „A nostra vel“.
377 638 556 759 „ 25.
684 693 753 770 „
901 677 1332 757 Vide epist. 11242.
375 735 552 803 „ 26.
671 759 755 823 „
899 735 1135 808 Vide ibid.
373 788 554 867 „ 27.
667 803 744 870 „
901 795 1140 848 Vide ibid.
373 848 552 920 „ 28.
901 845 1135 914 Vide ibid.
371 901 567 987 „ 29.
572 854 835 976 in eccleaia
901 883 1802 982 Vide ibid. et supra notam ad 23. Nov.
618 967 813 1015 b. Petri
338 980 552 1113 Dec. 1.
609 1004 821 1110 Laterani
894 980 2863 1071 11241 Monasterium Vallumbrosanum „ad enemplar paschialis et nadriani“. (tuendum
950 1075 2863 1135 suscipit eiusque possessiones et iura) confirmat, petente lacobo abbate. (Pro „pont.
950 1113 2863 1194 XIII.“ lege „ind. XIII.“; cetera temporis signa exciderunt.) Pflugk-Harttung Iter
945 1170 2037 1245 p. 265; cf. supra 6447. — „Desiderium quod“.
364 1201 552 1329 „ 4.
678 1252 764 1353 „
897 1221 2863 1298 11242 (Bernardo) praeposito et canonicis Magalonensibus ob summa erga se obsequia
950 1283 2863 1351 gratias agit uberrimas. Narrat, se „post diversa maris et insidiantium pericula ad
952 1347 2865 1402 salutis portum venisse, et a senatoribus et nobilibus civitatis, clero et populo Romano
952 1393 2863 1461 invitatum, VIIII. kal. Decembris (23. Nov.) Urbem intrasse; peractis vero septem
952 1453 2865 1512 diebus (Noy. 23— 29), quibus in Lateranensi palatio in omni suavitate ac quiete
950 1503 2865 1567 moram habuerit, ad ecclesiam b. Petri sollempniter et cum maxima processione se
950 1554 2865 1625 perrexisse (29. Nov.)“. Mém. de la soc. de Montpellier V. 522. — „Illa magnifica
950 1616 1221 1680 devotionis“.
380 1598 558 1771 „
676 1658 779 1782 „
901 1651 2867 1733 11243 (7504) Clericos in episcopatu Bangoriensi constitutos monet, ut episcopum eli-
952 1718 2865 1795 gant, quem (Thomas), archiepiscopus Cantuariensis, confirmet. De archidiaconatu
952 1782 2865 1841 addit. Epist. S. Thomae ed. Giles II. 91, Haddan and Stubbs Councils I. 367, Migne
952 1824 1886 1903 200 p. 401. — „Si, quanta detrimenta“.
380 1874 567 1963 „ 13?
903 1888 2867 1952 11244 Bulla hoc die data exstat ap. Pesina Phosphorus septicornis III. 176, teste
961 1943 2865 2011 Tourtual Böhmens Antheil an d. Kämpfen Friedr. I. Bd. I. 327 n.; cf. Wenceslai Hagek
952 1994 2463 2060 a Liboczan Annal. Bohem. ed. Dobner ad a. 1165: „II. id. Dec.“.
377 2044 556 2175 „ 18.
631 2031 817 2184 Rtanar
897 2053 2867 2120 Conradum, electum Moguntinum, „in proximo (adde: sabbato ante) natale domini, in
952 2106 2867 2170 diebus quatuor temporum, id est in 15. kal. lanuarii in presbyterum et archiepi-
952 2161 2582 2226 scopum“ consecrat. Annal. Reichersperg. 1166 in MG. SS. XVII. 472.
903 2221 2867 2287 11245 (7505) Priorem et fratres Cantuarienses hortatur, ut Thomae archiepiscopi ex-
954 2276 2865 2345 sulantis inopiae subveniant. Epist. S. Thomae ed. Lupus p. 124, ed. Giles II. 38,
958 2327 2059 2400 Migne 200 p. 402. — „Super religione vestra“.
905 2385 2872 2453 11246 (7506) Thomae, archiepiscopi Cantuariensis, „ecclesiasticam sententiam in Richar-
958 2440 2870 2502 dum de Ivelcestria et Iohannem de Oxenefordia et in omnes alios ecclesiae Dei per-
961 2493 2872 2566 versores promulgatam“, confirmat. Epist. S. Thomae ed. Lupus p. 182, ed. Giles
956 2550 2129 2619 II. 11, Migne 200 p. 402. — „Quod iuxta officii“.
908 2592 2872 2669 11247 (7507) (Henricum) episcopum Trecensem hortatur, at quam praeposituram Wil-
958 2658 2872 2720 lelmus, electus Carnotensis, in eius ecclesia tenuerit, eam magistro Herberto con-
958 2714 2872 2775 cedat, qui „quia (Thomae) Cantuariensi archiepiscopo exsulanti adhaeserit, propter
958 2758 2872 2835 indignationem principis fuerit spoliatus“. Epist. S. Thomae ed. Giles II. 105, Migne
961 2828 1959 2890 200 p. 402. — „Commissae tibi ecclesiae“.
908 2868 2874 2943 11248 (7508) w(illelmo) electo Carnotensi respondet „de causis, quae infra terminum
958 2932 2872 2994 certum decidendae committantur: nisi dies ab apostolico praefixus de communi con-
963 2994 2872 3051 sensu partium prorogetur, eo transacto mandatum exspirare“. App. conc. Lat. VII. 6,
961 3029 2872 3107 Coll. Lips. XXXV. 5, Coll. Cass. XLII. 5, Coll. Bamb. XXXIII. 5, Comp. I. L. 1.
961 3096 2419 3184 (. 21. c. 5, Decr. Greg. LI. I. t. 29. c. 4. — „De causis, quae“.
874 3162 1056 3255 1165?
912 3228 2872 3330 11249 (750a) Robertum, episcopum Herefordiensem, reprehendit, quod Thomae, archi-
963 3310 2872 3378 episcopo Cantuariensi, metropolitae suo, „in ecclesiae libertate tuenda minus, quam
965 3369 2870 3440 debuisset, adstitisse probetur“. Monet, ut „eidem in negotiis ecclesiae viriliter et
967 3427 2872 3493 constanter assistens, mandata atque praecepta illius devote et fideliter exsequatur“.
969 3480 2872 3581 Hace addit: „praccipimus, ut hoc, quousque memoratus frater noster cum Amglorum
1126 172 2048 276 ALEXANDER III. 1159—1181.
