3007 3975
647 313 826 412 1165?
733 366 2653 468 rege pacem habcat, quod in proximo, domino auctore, continget, teneas omnino
733 459 2651 532 secretum“. Epist. S. Thomae ed. Lupus p. 62, ed. Giles II. 92, Migne 200 p. 403.
740 512 1453 585 — „Miramur plurimum, quod“.
684 560 2653 629 11250 (7510) Gilbertum, episcopum Londinensem, et ceteros episcopos vituperat, quod
737 627 2651 684 „in multis remissi et tepidi et negligentes etiam extiterint“. Mandat, commoneant
733 684 2651 744 „Henricum, Anglorum regem, „ut ecclesiastica et secularia negotia non confundat, ut
733 730 2651 795 (Thomam), archiepiscopum Cantuariensem, in amorem et gratiam suam recipiat et
735 792 2653 852 eum cum aliis expulsis ad sedem propriam reducat“. Epist. S. Thomae ed. Lupus
731 839 2613 903 p. 103, Gilberti Foliot. epist. II. 93, Migne 200 p. 404. — „Quoniam te virum“.
684 896 2651 962 11251 lohanni, abbati Calcoensi, usum mitrae concedit. Liber S. Mariae de Calchou
735 947 2651 1022 II. 359, Haddan and Stubbs Councils II. I. 236. (Cf. Chronica de Mailros 1165
733 1004 2651 1086 ap. Fell Rer. Angl. SS. p. 170, ed. Stevenson p. 80.) — „Derocionis tue sinceritatem“.
649 1079 992 1150 1159—1166.
682 1163 2655 1245 11252 lohanni, archiepiscopo Toletano, Hispaniae primati, pallii usum concedit. Mansi
740 1223 1674 1309 XX. 684. — „Per praesentis privilegii“.
647 1296 987 1378 1165—1166.
128 1318 349 1484 B„ „
393 1327 612 1495 Lateani.
678 1378 2653 1453 11253 (7511) (Raimundo) episcopo Palentino praecipit, ut clericos de Portella et Penna-
733 1446 2653 1514 fideli, qui contra interdictum (Iohannis) archiepiscopi Toletani sacra procuraverint,
731 1506 2651 1570 archiepiscopo satisfacere cogat. Pulgar Teatro clerical II. Prolusion num. V. —
733 1563 1283 1627 „Super discretione tua“.
161 1585 346 1696 „ 12.
457 1631 563 1696 „
678 1598 2653 1676 11254 (7512) Henrico, archiepiscopo Remensi, mandat, canonicos Roienses sub inter-
733 1673 2653 1726 dicti poena hortetur, ut erepta ecclesiae Noviomensi restituant et illata damna resar-
731 1713 2653 1786 ciant. Martene Coll. II. 721, Bouquet Rec. XV. 848, Migne 200 p. 405. — „Cum
733 1777 1241 1837 in regno Francorum“.
163 1795 344 1921 „ 24.
475 1843 554 1912 „
680 1832 2655 1908 11255 Ecclesiae Oritanae iura ab archiepiscopo Brundisino laedi vetat. Pflugk-Hart-
731 1881 1597 1965 tung Iter p. 262. — „Venientes ad“.
653 1965 1648 2047 1166. (Ind. 14, pont. a. 7. — 20. Sept. — 8.)
130 2005 351 2148 lan. 18.
393 2005 609 2157 Laaerani
682 2053 2653 2122 11256 (7513) Henricum, archiepiscopum Remensem, monet, „ut ab eo, cuius nomine,
731 2111 2655 2170 cum in regno Francorum esset, sibi 150 libras, fratribus vero suis aliam summam
731 2166 2655 2226 obtulerit, 100 sibi marcas argenti, si ulla poterit fieri ratione, cum honestate tamem
735 2221 2655 2281 sua acquirat“. Praeterea cupit „de ecclesiis episcopatus sibi honestam subventionem
733 2270 2653 2336 inveniri“. „Tanta namque sunt“ inquit „onera debitorum et creditorum instantia, ut
735 2334 2653 2387 nisi ecclesiae Dei a tua fuerit modo liberalitate subventum, vix aut numquam nobis
737 2389 2653 2446 statum urbis in ea pace, in qua nunc est, poterimus conservare“. Martene Coll.
735 2433 2527 2506 II. 721, Bouquet Rec. XV. 849, Migne 200 p. 405. — „Integram fidem et“.
167 2451 346 2566 „ 28.
466 2504 565 2574 „
689 2497 2653 2563 11257 (7514) Rogero archiepiscopo Eboracensi et omnibus episcopis Angliae praecipit,
737 2548 2655 2612 ut „super iis, quae ad ecclesiae Cantuariensis iura, dignitates etiam, aut libertates
737 2605 2655 2667 spectare noscantur, se sine conscientia et assensu Thomae archiepiscopi intromittere
740 2658 2655 2718 nullatenus praesumant“. Epist. S. Thomae ed. Giles II. 76, ed. Lupus p. 263, Mansi
742 2703 2657 2775 XXI. 881, Migne 200 p. 406, (Liverani Spicil. Liberian. p. 547, Pfiugk-Harttung Acta
740 2771 2657 2842 II. 368). — „Tanquam ex iniuncto“ „Quamquam ex iniuncto“ „Eam quam ex in-
737 2820 927 2884 iuncto“.
174 2870 353 2959 „ 29.
477 2881 572 2956 „
687 2866 2657 2941 11258 (7515) Thomae, archiepiscopo Cantuariensi, mandat, hortetur clericos ecclesiae
740 2937 2655 2992 Bangoriensis, ut episcopum eligant; quod nisi fecerint, ipse intra tres menses faciat.
742 2985 2655 3051 Epist. S. Thomae ed. Giles II. 36, Haddan and Stubbs Councils I. 368, Migne 200
740 3036 1562 3111 p. 407. — „Si, quanta detrimenta“.
172 3082 357 3184 „ 30.
475 3100 570 3208 „
689 3091 2660 3164 11259 (7516) Henrico, archiepiscopo Remensi, in (Thomam) archiepiscopum Cantua-
740 3149 2655 3213 riensem officioso, gratias agit; eundem „nunc ope et consilio maxime opus habentem“
742 3206 2655 3274 commendat. Martene Coll. II. 723, Epist. S. Thomae ed. Giles II. 52, Bouquet Rec.
744 3250 2050 3330 XV. 849, Migne 200 p. 407. — „Inter ceteras divinae“.
136 3266 353 3387 Febr. 9.
470 3316 572 3405 „
693 3305 2655 3385 11260 (7517) Universum clerum et populum Bangoriensem iam iterum hortatur, ut
744 3376 2655 3427 episcopum eligant, a Thoma, archiepiscopo Cantuariensi, consecrandum. Epist.
742 3425 2649 3515 S. Thomae ed. Giles II. 90. Haddan and Stubbs Councils I. 369. Migne 200 p. 408.
755 3471 1261 3577 — „Quia ex defectu“.
919 159 1842 265 ALEXANDER III. 1159—1181.
2529 174 2653 258 197
