3007 3975
315 185 437 269 198
852 333 1849 426 1166. (Ind. 14. pont. a. 7. — 2. Sept. — 8.)
326 384 841 490 Febr. 12. l Romae ap.
888 401 2856 483 11261 B(ernardo). ecclesiae Magalonensis praeposito, indulget, ut episcopus civitatis
578 470 835 556 S. Petrum
934 474 2852 532 ciusdem sine capituli assensu excommunicationis aut suspensionis sententiam in eum
938 534 2854 591 non audeat promulgare. (Bernardus anno 1166 vita decessit.) Mém. de la soc. de
943 578 2167 642 Montpellier V. 524. — „IHIius sincerissime devotionis“.
364 629 550 706 „ 12.
678 638 742 708 „
890 627 2854 702 11262 Canonicis Magalonensibus iura quaedam asserit. Mém. de la soc. de Montpellier
943 693 1701 759 V. 523. — „Devotionis et fidei“.
360 733 545 814 „ 22.
600 742 821 870 Laterani
890 733 2854 812 11263 (7518) Henrico, archiepiscopo Remensi, capellanos Laudunenses a (Galterio) epi-
943 812 2850 874 scopo indebite tractatos commendat. Martene Coll. II. 725, Bouquet Rec. XV. 850,
941 852 2109 916 Miane 200 p. 408. — „Decet fraternitatem tuam“.
309 901 561 1020 PebrRart.
653 896 771 1026 („)
888 901 2852 978 11264 (7525) Thomae, archiepiscopo Cantuariensi, mandat, ut in eos, qui in posses-
938 971 2852 1031 sionibus et bonis ecclesiae eius, ei aut hominibus eius etiam, violentiam vel iniuriam
941 1022 2850 1086 intulerint, si opportunitatem viderit, ecclesiasticam iustitiam non differat exercere“.
938 1077 2850 1143 Haec addit: „Verum de persona regis speciale tibi mandatum non damus, nec tamen
938 1130 2847 1194 ius tibi pontificale, quod in ordinatione et consecratione tua suscepisti, adimimus“.
936 1185 2850 1249 Epist. S. Thomae ed. Lupus p. 182, ed. Giles II. 12, Migne 200 p. 413. (Aut
936 1236 2852 1307 mense Febr. exeunte aut Martio ineunte scriptam esse epistolam hanc, probat Reuter
934 1298 1763 1366 II. 591.) — „Quoniam ad omnem“.
338 1320 534 1428 („ „)
660 1336 773 1461 („)
883 1344 2852 1415 11265 (7526) Omnes episcopos Cantuariensis provinciae de superiore epistola certiores
934 1404 2843 1470 facit. Epist. S. Thomae ed. Lupus p. 183, ed. Giles II. 41, Migne 200 p. 413. —
936 1461 1460 1523 „Quoniam ad omnem“.
326 1508 547 1603 Mart. 18.
667 1499 766 1607 „
885 1501 2852 1581 11266 (7519) Monasterium S. Clementis Piscariense tuendum suscipit et eius bona iura-
934 1570 2847 1636 que confirmat, petente Leonato abbate. Anecdota Ughelliana p. 409, Muratori R.
934 1620 2311 1696 It. SS. II. II. 901, Migne 200 p. 409. — „Religiosis votis“.
326 1669 545 1793 Apr. 5.
673 1669 762 1815 „
883 1678 2850 1749 11267 (7520) Rogero, archiepiscopo Eboracensi, et universis Angliae episcopis praecipit,
936 1733 2852 1810 „ne novo regi coronando, si forte hic casus emerserit, absque Thomae, Cantuariensis
934 1786 2850 1857 archiepiscopi, vel successorum et ecclesiae Cantuariensis conniventia manum apponere
934 1839 2850 1921 praesumant“. Wilkins Conc. I. 459, Epist. S. Thomae ed. Giles II. 45, Migne 200
934 1899 2235 1967 p. 411, (Rymer Foedera I. 25). — „IIlius dignitatis et“.
349 1936 539 2044 „ 8.
667 1899 771 2055 „
883 1947 2850 2025 11268 (7521) Thomae, archiepiscopo Cantuariensi, et eius successoribus primatum
936 2007 2847 2075 Angliae asserit. (Signa chronologica sunt corrupta.) Wilkins Conc. I. 446, Radulf.
932 2058 2850 2131 de Diceto Imag. Hist. ap. Twysden H. A. SS. I. 546, ed. Stubbs I. 330. — „In apo-
932 2115 2202 2184 stolicae sedis“ „Frater in“ „Praedecessorum nostrorum“.
357 2164 543 2241 „ 16.
653 2161 771 2285 „
883 2164 2850 2245 11269 (7522) Ecclesiae S. Crucis (Romanae), quae dicitur: in Hierusalem, protectionem
934 2228 2847 2294 suscipit ac possessiones confirmat, petente Ubaldo presbytero cardinali. Cronica
932 2285 2847 2362 canon. ord. p. 56, Pennotti Ord. cleric. canon. hist. ed. Rom. p. 275, ed. Colon.
932 2336 2006 2413 p. 282, Bull. Lat. p. 42. — „Quoties illud a“.
355 2373 541 2471 „ 24.
660 2380 760 2515 „
883 2391 2847 2464 11270 (7523) Thomae, archiepiscopo Cantuariensi, „legationem totius Angliae, excepto
932 2453 2845 2517 episcopatu Eboracensi, concedit, ut ibi vice sua vitia exstirpet et virtutes in vinea
934 2508 2845 2570 Domini studeat complantare“. (Pro „Datum Anagniae VII. id. Octobr.“, quae verba
934 2559 2839 2625 sunt librarii ut videtur vitio apposita, legendum esse: „Dat. Laterani VIII. kal. Maii“.
932 2619 2841 2678 docet ea, quae sequitur, epistola. Huic correctioni adsentit Reuter II. 591.) Epist.
930 2663 2845 2742 S. Thomae ed. Lupus p. 179, ed. Giles II. 10, Mansi XXI. 878, Migne 200 p. 411.
936 2731 1539 2795 — „Sacrosancta Romana“.
353 2758 534 2864 „ 21.
660 2773 757 2873 „
881 2758 2843 2850 11271 (7524) Episcopis, abbatibus, et aliis ecclesiarum praelatis per totam Angliam
927 2837 2841 2899 extra episcopatum Eboracensem constitutis praecipit, ut Thomae, archiepiscopo Can-
927 2890 2843 2952 tuariensi, apostolicae sedis legato constituto, obediant. Epist. S. Thomae ed. Lupus
932 2941 2839 3018 p. 179, ed. Giles II. 80, Migne 200 p. 412: „VIII. kal. Maias“, Duchesne Hist. Fr.
930 2994 2618 3065 SS. IV. 568 et Mansi XXI. 972: „nonas Martii“. — „Ex iniuncto nobis“.
320 3036 539 3113 Mai. 1.
658 3049 751 3166 „
881 3045 2841 3120 11272 (7528) Henricum, archiepiscopum Remensem, hortatur, ut Robertum sacerdotem
927 3102 2839 3175 G(eraldo), episcopo Tornacensi, commendet. Martene Coll. II. 734, Migne 200 p. 415.
934 3171 1515 3235 — „Sicut tua prudentia“.
349 3206 536 3312 „ 3.
656 3197 753 3301 „
881 3206 2839 3292 11273 (7529) (Gilberto) Londinensi et omnibus episcopis Cantiae provinciae praecipit,
932 3272 2836 3339 ut „universos, qui Thomae, archiepiscopi Cantuariensis, clericorum beneficia de man-
932 3332 2836 3392 dato regio perceperint, ad eorum integram restitutionem sub anathematis intermina-
927 3383 2836 3453 tione districtius compellant“. Epist. S. Thomae ed. Giles II. 95, ed. Lupus p. 49,
932 3442 1953 3509 Migne 200 p. 415. — „Universis oppressis“.
329 3480 470 3592 („)
651 3491 766 3592 („)
877 3473 2839 3595 11374 47350) TRomae, archiepiscopo Cantuariensi, respondet. se confirmasse interdicti
1126 176 2045 269 ALEXANDER III. 1159—1181.
