3007 3975
640 309 1630 395 1166. (Ind. 14, pont. a. 7. — 20. Sept. — 8.)
720 375 2638 452 sententiam ab eo prolatam in locelinum, episcopum Sarisberiensem, qui, „licet super
720 446 2635 507 hoc ad suam audientiam appellasset et dominicam: Ego sum pastor bonus proximo
720 503 2638 558 tunc venturam (8. Maii 1166) appellationi suae terminum pracfixisset, eadem instante
722 563 2635 622 nec venerit, nec ad sese aliquem transmiserit“. Epist. S. Thomae ed. Lupus p. 245,
722 613 2476 669 ed. Giles II. 13, Mansi XXI. 880, Migne 200 p. 416. — „Ex litteris tuis“.
366 616 618 781 Gateranr.
667 658 2635 728 11275 (7531) Thomae, archiepiscopo Cantuariensi, scribit, se „concessionem decanatus,
95 624 260 801 (a
722 726 2635 788 per (Iocelinum), episcopum Sarisberiensem, lohanni de Oxeneford enormiter factam“,
720 777 2635 841 rescidisse. Epist. S. Thomae ed. Lupus p. 245, ed. Giles II. 13, Migne 200 p. 416.
722 832 1398 898 — „Ex rescripto litterarum“.
671 887 2635 951 11276 (7532) Episcopatus Mutinensis fines ecclesiaeque possessiones ac iura confirmat,
148 848 331 969 „ 1.
448 887 543 960 „
722 934 2635 1011 bulla ad Henricum episcopum. Tiraboschi Mem. Cod. II. 93, Migne 200 p. 453,
715 995 2171 1062 cf. Pflugk-Harttung Iter p. 266. — „Sicut iniusta poscentibus“.
669 1048 2638 1110 11277 (7533) Henrico, archiepiscopo Remensi, mandat, ut quod (Geraldus) Tornacensis
148 1013 331 1132 „ 14.
450 1040 541 1124 „
720 1110 2638 1166 et (Milo) Morinensis episcopi de duabus electis abbatissis Dodoniensibus (Donionen-
718 1161 2638 1223 sibus dioec. Atrebat.) constituerint, observari iubeat. Martene Coll. II. 735, Migne
722 1221 1681 1274 200 p. 416. — „Ex litteris fraternitatis“.
669 1269 2635 1331 11278 (7534) Thomam, archiepiscopum Cantuariensem, hortatur, ut cum GIocelino), epi-
150 1272 326 1353 „ 16.
450 1274 545 1355 „
722 1329 2633 1384 scopo Sarisberiensi, qui „non sponte, sed coacte“ videatur peccasse, „mitius agat“.
720 1371 2635 1453 Epist. S. Thomae ed. Giles II. 12, (ed. Lupus p. 238), Migne 200 p. 417. — „Per-
715 1439 1062 1501 latum est ad“.
667 1481 2638 1561 11279 (7535) Rotrodo, archiepiscopo Rotomagensi, et eius suffraganeis scribit, de malis
150 1475 326 1570 „ 16.
444 1497 543 1567 „
718 1541 2638 1607 ab Henrico, Anglorum rege, ecclesiae illatis, qui „illi viro scelerato, perfido, et cru-
720 1605 2638 1660 deli, et huius schismatis et erroris magistro, Reginaldo (archiepiscopo Coloniensi)
720 1662 2635 1715 communicans, per suos, quos ad Fredericum, dictum imperatorem, transmiserit, occa-
722 1713 2635 1773 sionem et materiam praestiterit, quod idem Fredericus inductus sit ad illud detestan-
720 1766 2633 1832 dum et profanum iuramentum, immo periurium faciendum“. Mandat, hortentur regem.
720 1821 2638 1881 ut „Romanam ecclesiam consueta reverentia ac devotione cognoscat, et ecclesias et
722 1874 2635 1938 regni sui ecclesiasticas personas diligat, et Thomam, Cantuariensem archiepiscopum,
720 1934 2635 1998 revocet, iura quoque et bona eius manuteneat et conservet“. Epist. S. Thomae ed.
720 1983 2459 2044 Giles II. 53, (ed. Lupus p. 139), Migne 200 p. 417. — „Quanta mala et“.
671 2040 2638 2104 11280 (7536) *(Bertrando), archiepiscopo Burdigalensi, et eius suffraganeis eadem, quae
441 1987 552 2120 („)
125 1985 225 2150 („)
722 2093 2638 2164 superiore epistola Rotrodo, mandat. Epist. S. Thomae ed. Giles II. 54, ed. Lupus
715 2148 1449 2212 p. 140. — („Quanta mala et“.)
669 2206 2638 2267 11281 (7537) Henrico, episcopo Remensi, mandat, compellat G(alterum), episcopum
150 2199 329 2290 „ 31.
452 2210 545 2298 „
722 2265 2638 2320 Laudunensem, ut et R. Belm. canonici matrimonium dirimat, et capellanis Laudu-
722 2318 2635 2387 nensibus quae abstulerit scripta privilegia apostolica reddat. Martene Coll. II. 737.
718 2367 2227 2440 Mansi XXI. 1075, Migne 200 p. 418. — „Suggestum est nobis“.
667 2415 2638 2495 11282 *Monasterii S. Crucis Burdigalensis tutelam suscipit possessionesque et privilegia
148 2415 331 2495 „ 31.
452 2424 547 2513 „
720 2488 2635 2548 confirmat. In bibl. nat. Paris. ms. lat. 12666. (Monasticon Benedictin. IX.) f. 154;
720 2535 2635 2603 in margine appositum est: 1166, ceterae temporis notae haud dubie neglegentia qua-
718 2599 1155 2647 dam omissae sunt.
667 2645 2635 2714 11283 U(rso) abbati et fratribus monasterii Balantiarum (seu Valloriensi) bullam dat.
119 2590 331 2722 Lan. 11.
457 2652 543 2722 „
720 2703 1586 2767 Neues Archiv VII. 98. — „Ea quae“.
156 2749 329 2831 „ 24.
671 2756 2638 2828 11284 (7538) Henricum, archiepiscopum Remensem, hortatur, ut G., quem post appel-
450 2751 552 2884 „
722 2813 2635 2875 lationem ad ipsum factam, excommunicaverit, „a curia archiepiscopali, quam in parte
724 2870 2635 2932 suspectam habeat, minime iudicari permittat, sed ipse, (Balduino) Noviomensi episcopo
720 2919 2582 2983 ascito, iudicet“. Martene Coll. II. 738, Migne 200 p. 419. — „Ex relatione G.“
669 2965 2635 3034 11285 (7539) Thomae, archiepiscopo Cantuariensi, et eius suffraganeis H. et W. comites
117 2943 333 3047 lul. 7.
455 2945 556 3062 „
724 3029 2633 3091 de Vals., qui bona fratrum ecclesiae Pantun occupaverint, excommunicatos nunciat.
724 3080 2633 3153 Epist. S. Thomae ed. Giles II. 35, Migne 200 p. 420. — „Quoniam nobiles viri“.
154 3122 331 3204 „ 20.
671 3133 2635 3197 11286 (7540) Henrico, archiepiscopo Remensi, mandat, compellat abbatem et fratres
450 3135 554 3268 „
722 3197 2635 3252 S. Petri de Monte, ut „quidquid ultra sortem de suscepto pignore deductis expensis
724 3244 2635 3316 habuerint“ M. Hierosolyma reduci restituant. Martene Coll. II. 739, Migne 200 p. 420.
724 3303 1349 3367 — „Lator praesentium M.“
121 3350 335 3440 Aug. 1.
673 3345 2633 3436 11287 (7541) (willelmo) episcopo Cenomanensi mandat, iudicet inter Philippum, nepotem
444 3356 554 3537 „
722 3414 2633 3482 Henrici, archiepiscopi Remensis, et Arn. clericum, de libris 50 litigantes. Martene
722 3458 2629 3573 Coll. II. 739. Ronomnet Rec. XV. 854. Migne 200 p. 421. — „Venerabilis frater noater“.
908 154 1827 247 ALEXANDER III. 1159—1181.
2516 152 2638 249 199
