3007 3975
665 300 2216 388 1168. (Ind. 1, pont. a. 9. — 20. Sept. — 10, 1167. — 25. Mart. — 17168.)
404 368 645 470 Beneventi
695 379 2662 450 11397 (7619) Thomae, archiepiscopo Cantuariensi, scribit, se quondam „timore per-
145 364 362 472 Mai. 19.
748 443 2662 499 culsum, ne Henricus Anglorum rex, prout olim fecisset, illi tyranno et flagitioso
751 488 2664 560 inimico ecclesiae (Friderico imperatori) aliquo foedere societatis adiungeretur“, ei
751 552 2662 611 mandasse, „ut nec in ipsum nec in personas regni aut in regnum interdicti seu ex-
748 605 2662 666 communicationis vel suspensionis sententiam deberet promulgare, nisi alias suas lit-
748 662 2664 724 teras reciperet“. Itaque nisi rex „usque ad initium proximae quadragesimae mandata
751 717 2662 779 sua effectui mancipaverit“, concedit, „ut tam in personas, quam etiam in regnum,
753 772 2664 832 et in ipsum regem facultatem liberam habeat debitum officii sui exercendi“. Epist,
751 821 2666 887 S. Thomae ed. Giles II. 24, Migne 200 p. 483, (ed. Lupus p. 651, Mansi XXI. 892.
751 870 2580 942 Liverani Spicil. Liber. p. 543). — „Ad discretionis tuae“ „Ad dilectionis tuae“.
702 934 2671 1000 11398 (7620) Universis episcopis Angliae mandat, cogant „universos illos, qui ecclesias,
185 925 364 1020 „ 19.
483 934 585 1020 „
757 989 2671 1060 praebendas, vel alia ecclesiastica beneficia ubicumque per Angliam de manu laica
755 1044 2671 1108 et maxime huius turbationis tempore susceperint, ut ecclesias ipsas, praebendas, vel
757 1099 2668 1166 beneficia cum fructibus inde perceptis resignent“. Epist. S. Thomae ed. Lupus p. 665.
753 1148 2668 1212 ed. Giles II. 78, Mansi XXI. 889, Migne 200 p. 484. — „Ad audientiam nostram“.
704 1203 2671 1272 11399 (7621) Iohannem Cumin, proposita excommunicatione, monet, ut quem „laicali
159 1183 269 1351 („)
481 1181 594 1291 („)
757 1260 2671 1327 auctoritate sibi vendicare praesumpserit“, archidiaconatum Bathoniensem (Rogero)
760 1325 2673 1386 episcopo Wigorniensi restituat. Epist. S. Thomae ed. Lupus p. 666, ed. Giles II. 147,
755 1371 1743 1439 Migne 200 p. 483. — „Mirabile gerimus“.
707 1428 2675 1492 11400 (7622) Thomam, archiepiscopum Cantuariensem, monet, ut Girardum Puellam,
190 1419 366 1506 „ 20.
483 1435 587 1576 „
760 1475 2680 1545 „ad obedientiam et mandatum suum rediturum et schismaticae pravitati omnimodis
757 1539 2673 1601 renunciaturum, exhibito iuramento, recipiat, et ab ea, qua teneatur, sententia absolvat“.
757 1592 2675 1660 Epist. S. Thomae ed. Lupus p. 300, ed. Giles II. 14, Migne 200 p. 485. — „Signi-
757 1643 1197 1713 ficatum est nobis“.
711 1691 2680 1764 11401 (7623) Ludovicum, Francorum regem, hortatur, ut Girardum Puellam, errore
194 1691 368 1777 „ 20.
494 1704 589 1779 „
762 1762 2677 1821 deposito, in Galliam „venire permittat, et in regno suo, sicut consuesset, permanere“.
757 1806 2680 1877 Epist. S. Thomae ed. Lupus p. 301, ed. Giles II. 138, Migne 200 p. 486. — „Signi-
757 1868 1197 1934 ficatum est nobis“.
711 1912 2680 1987 11402 *Abbati S. Mariae Bibbonensi a sese consecrato bullam tribuit. Sarnelli Memorie
192 1859 373 2002 „ 20.
494 1857 587 2002 „
762 1983 1500 2038 de“ vescovi di Benevento p. 98.
713 2033 2680 2104 11403 Monasterii S. Mariae apud Mansium siti bona confirmat. Wiener Sitzungsber.
194 2033 373 2106 „ 20.
494 2033 587 2122 „
766 2091 1851 2146 XCIV. 668. — „Religiosam vitam eligentibus“.
713 2142 2682 2208 11404 (7624) Henricum, Anglorum regem, dolet cum Thoma, archiepiscopo Cantua-
196 2133 375 2237 „ 22.
477 2144 585 2234 „
764 2195 2677 2263 riensi, in gratiam nondum rediisse. Haec addit: „Duritiam tuam, sicut hactenus,
762 2254 2682 2312 contra iustitiam et salutem nostram, non duximus ulterius supportandam, nec prae-
766 2314 2682 2369 fato archiepiscopo os de cetero aliqua ratione claudemus, quin officii sui debitum
764 2362 2682 2424 libere prosequatur, et suam et ecclesiae suae iniuriam ecclesiasticae severitatis gladio
764 2420 2682 2477 ulciscatur“. Priorem de Monte-Dei et fratrem Bernardum de Corilo de sua voluntate
766 2468 2682 2539 latius exposituros. Epist. S. Thomae ed. Lupus p. 632, ed. Giles II. 130, Migne 200
764 2519 1939 2592 p. 486, (Mansi XXI. 890). — „Quam paterne et“.
713 2570 2684 2652 11405 (7625) Simoni, priori de Monte-Dei, et Bernardo de Corilo mandat, ut ad Hen-
201 2561 380 2727 „ 2s.
488 2548 600 2687 „
766 2634 2682 2703 ricum, Anglorum regem „infra duos menses, si citra mare fuerit, insimul accedant,
766 2694 2682 2756 et eundem exhortentur, quod Thomam, archiepiscopum Cantuariensem, ad ecclesiam
771 2753 2682 2809 non differat revocare“, utque „litteras suas commonitorias eidem tradant“ (ep. 11404).
766 2802 2682 2864 Si rex audire eos noluerit „litteras suas comminatorias (— quae iam non exstant —)
766 2853 2682 2928 porrigi“ iubet, addique, se archiepiscopo „os de cetero nulla ratione clausurum, nisi
771 2915 2684 2979 rex ante initium proximae quadragesimae“ ad bonam frugem se receperit. Monet,
768 2959 2684 3027 ut haec „diligentius exsequantur, nisi (Anthelmus), Bellicensis episcopus, et prior
766 3023 2684 3080 Carthusiensis, ea, prout ipse illis mandaverit, exsequantur“. (Notas huius epistolae
766 3078 2684 3138 chronologicas contra Bouquetum XVI. 332 defendit Reuter II. 621 not. f., cf. ibid.
768 3131 2684 3202 p. 636 not. f. Epistola ap. Pflugk-Harttung Iter p. 808 eodem die locoque ac de
768 3188 2684 3246 eadem re ad eosdem data a nostra non diversa videtur, licet auctor Itineris expresse
768 3239 2684 3303 hoc contendat; cf. etiam Iter p. 60.) Epist. S. Thomae ed. Lupus p. 627, ed. Giles
771 3294 2520 3354 II. 113, Migne 200 p. 487. — „Ad vestrae dilectionis“ („Perlatum est ad“).
724 3354 2682 3411 11406 (7626) Rogerum, episcopum Wigorniensem, ad ecclesiam suam redire cupit.
178 3286 300 3420 („)
503 3341 600 3411 „
773 3405 2684 3473 Addit de nunciis ad Henricum Anglorum regem missis; „quod si nos hac vice audire
775 3460 2682 3557 noluerit“ inquit „nos eum de cetero non sustinebimus. nec venerabili fratri nostro
198 3493 775 3604 Regena Pont. Roman. Sd. eec. II.
2339 3520 2414 3619 21
930 145 1853 238 ALEXANDER III. 1159—1181.
2531 143 2662 242 209
