<?xml version="1.0" encoding="UTF-8"  standalone="yes"?>
<PcGts xmlns="http://schema.primaresearch.org/PAGE/gts/pagecontent/2019-07-15" xmlns:xsi="http://www.w3.org/2001/XMLSchema-instance" xsi:schemaLocation="http://schema.primaresearch.org/PAGE/gts/pagecontent/2019-07-15 http://schema.primaresearch.org/PAGE/gts/pagecontent/2019-07-15/pagecontent.xsd">
  <Metadata>
	<Creator>escriptorium</Creator>
	<Created>2024-07-19T10:08:18.794390+00:00</Created>
        <LastChange>2024-08-08T08:33:44.930338+00:00</LastChange>
  </Metadata>
  <Page imageFilename="0223.png" imageWidth="3007" imageHeight="3975">
    <TextRegion id="eSc_textblock_944293f6"  custom="structure {type:default;}">
      <Coords points="346,159 457,167 466,236 318,271 291,203 346,159"/>
      <TextLine id="eSc_line_f469f7bb" custom="structure {type:default;}">
        <Coords points="318,176 322,229 322,253 357,265 360,265 362,265 446,247 446,223 441,176 320,176 318,176"/>
        <Baseline points="322,229 446,223"/>
        <TextEquiv conf="1.0">
          <Unicode>210</Unicode>
        </TextEquiv>
      </TextLine>
    </TextRegion>
    <TextRegion id="eSc_textblock_35d791a5"  custom="structure {type:default;}">
      <Coords points="1133,300 2892,318 2900,2815 2892,3451 2865,3531 1931,3504 1515,3515 1763,3524 1577,3539 600,3522 581,3204 572,3513 309,3513 282,2497 300,344 1133,300"/>
      <TextLine id="eSc_line_1768a295" custom="structure {type:default;}">
        <Coords points="866,371 870,406 885,395 1031,395 1045,404 1045,406 1047,406 1049,406 1051,406 1053,406 1058,404 1075,395 1104,404 1113,406 1115,406 1117,408 1254,408 1254,406 1257,406 1259,406 1263,404 1277,395 1365,401 1391,404 1394,404 1396,404 1402,401 1433,393 1548,401 1592,404 1595,404 1626,401 1696,393 1752,399 1782,404 1785,404 2423,395 2423,364 2417,313 863,315 866,371"/>
        <Baseline points="866,371 2423,364"/>
        <TextEquiv conf="0.9918360903229512">
          <Unicode>1168. (Ind. 1, ponf. a. 9. — 20. Sept. — 10, 1167. — 25. Mart. — 1168.)</Unicode>
        </TextEquiv>
      </TextLine>
      <TextLine id="eSc_line_5a599dac" custom="structure {type:default;}">
        <Coords points="950,435 950,461 2863,459 2865,428 2861,395 2251,384 2249,384 1509,397 978,388 976,388 974,388 947,397 950,435"/>
        <Baseline points="950,435 2865,428"/>
        <TextEquiv conf="0.9919999085366726">
          <Unicode>(Thomae, archiepiscopo Cantuariensi,) potestatem suam adimemus; quare constanter</Unicode>
        </TextEquiv>
      </TextLine>
      <TextLine id="eSc_line_858ae787" custom="structure {type:default;}">
        <Coords points="952,490 952,514 2863,507 2865,485 2858,457 950,459 952,490"/>
        <Baseline points="952,490 2865,485"/>
        <TextEquiv conf="0.9997241415083409">
          <Unicode>agas, schismaticus iam fere nullus remansit, in ipsius ecclesiae membris diu non</Unicode>
        </TextEquiv>
      </TextLine>
      <TextLine id="eSc_line_ff388bc0" custom="structure {type:default;}">
        <Coords points="952,545 952,567 2863,576 2865,545 2865,512 952,512 952,545"/>
        <Baseline points="952,545 2865,545"/>
        <TextEquiv conf="0.9936579013445291">
          <Unicode>poterunt scandala permanere“. Epist. S. Thomae ed. Lupus p. 667, ed. Giles II. 107,</Unicode>
        </TextEquiv>
      </TextLine>
      <TextLine id="eSc_line_6e7754e8" custom="structure {type:default;}">
        <Coords points="952,598 952,616 1248,627 1250,627 1252,627 1285,616 1288,616 1290,616 1354,627 1356,627 1480,616 1502,627 1504,627 1506,627 1672,624 1674,624 1676,624 1690,613 1714,624 1716,624 1718,627 2019,627 2019,624 2021,624 2065,611 2065,594 2061,556 983,556 980,556 978,556 950,567 952,598"/>
        <Baseline points="952,598 2065,594"/>
        <TextEquiv conf="0.9999881454489448">
          <Unicode>Migne 200 p. 488. — „Omnino nobis placeret“.</Unicode>
        </TextEquiv>
      </TextLine>
      <TextLine id="eSc_line_3f7ca72b" custom="structure {type:default;}">
        <Coords points="899,651 899,680 2863,680 2865,647 2861,616 914,609 912,609 910,609 908,609 897,616 899,651"/>
        <Baseline points="899,651 2865,647"/>
        <TextEquiv conf="0.9997084665011211">
          <Unicode>11407 (7627) Offredo, electo Cremonensi, possessiones quasdam asserit. Sanclementii</Unicode>
        </TextEquiv>
      </TextLine>
      <TextLine id="eSc_line_2db8ed15" custom="structure {type:default;}">
        <Coords points="598,686 704,693 707,693 709,693 711,693 726,680 768,713 779,722 782,722 784,722 786,724 846,724 846,653 846,558 702,554 700,554 698,554 695,554 695,556 693,556 676,576 636,576 600,556 598,653 598,686"/>
        <Baseline points="598,653 846,653"/>
        <TextEquiv conf="0.9543035551905632">
          <Unicode>Fereveat</Unicode>
        </TextEquiv>
      </TextLine>
      <TextLine id="eSc_line_abcb7e6d" custom="structure {type:default;}">
        <Coords points="344,658 344,686 565,691 567,655 563,609 342,600 344,658"/>
        <Baseline points="344,658 567,655"/>
        <TextEquiv conf="0.9999847263097763">
          <Unicode>Mai. 29.</Unicode>
        </TextEquiv>
      </TextLine>
      <TextLine id="eSc_line_f32ebeb4" custom="structure {type:default;}">
        <Coords points="947,704 947,724 972,737 974,737 976,737 1120,726 1137,737 1140,737 1142,737 1144,737 1235,726 1754,737 1756,737 1809,724 1809,704 1807,669 947,673 947,704"/>
        <Baseline points="947,704 1809,704"/>
        <TextEquiv conf="0.9999269152942457">
          <Unicode>Ser. p. 296. — „Dewvotionis et fidei“.</Unicode>
        </TextEquiv>
      </TextLine>
      <TextLine id="eSc_line_be4e1f43" custom="structure {type:default;}">
        <Coords points="901,764 901,783 2863,786 2865,757 2861,728 2527,728 2503,715 2501,715 2498,715 2414,726 2370,715 2368,715 2366,715 2204,728 1566,717 1564,717 1495,730 914,719 912,719 910,719 908,719 899,724 901,764"/>
        <Baseline points="901,764 2865,757"/>
        <TextEquiv conf="0.9912923528597906">
          <Unicode>11408 (7628) Thomae, archiepiscopo Cantuariensi, „commoto et turbato, quod rex</Unicode>
        </TextEquiv>
      </TextLine>
      <TextLine id="eSc_line_7761aae5" custom="structure {type:default;}">
        <Coords points="673,772 673,797 782,797 782,772 782,735 673,735 673,772"/>
        <Baseline points="673,772 782,772"/>
        <TextEquiv conf="0.9999996821085612">
          <Unicode>(„)</Unicode>
        </TextEquiv>
      </TextLine>
      <TextLine id="eSc_line_5bedfa9f" custom="structure {type:default;}">
        <Coords points="954,819 954,841 2858,845 2863,812 2856,777 952,788 954,819"/>
        <Baseline points="954,819 2863,812"/>
        <TextEquiv conf="0.9937998912800318">
          <Unicode>Anglorum ei occasione litterarum, quas ipse illi transmiserit, incessanter insultet, et</Unicode>
        </TextEquiv>
      </TextLine>
      <TextLine id="eSc_line_2b11f3d4" custom="structure {type:default;}">
        <Coords points="952,874 952,894 2863,892 2865,870 2858,839 950,841 952,874"/>
        <Baseline points="952,874 2865,870"/>
        <TextEquiv conf="0.9989082715090584">
          <Unicode>ab eius se glorietur iurisdictione subtractum“, sic scribit, „si tenorem litterarum a</Unicode>
        </TextEquiv>
      </TextLine>
      <TextLine id="eSc_line_a3272f3c" custom="structure {type:default;}">
        <Coords points="952,927 952,958 2863,947 2865,920 2858,892 950,896 952,927"/>
        <Baseline points="952,927 2865,920"/>
        <TextEquiv conf="0.9979931166373104">
          <Unicode>principio usque ad finem legi fecisset, nihil profecto in eis reperiret, unde nobis</Unicode>
        </TextEquiv>
      </TextLine>
      <TextLine id="eSc_line_81e2d9f1" custom="structure {type:default;}">
        <Coords points="952,980 952,1007 2867,1002 2867,980 2867,951 952,951 952,980"/>
        <Baseline points="952,980 2867,980"/>
        <TextEquiv conf="0.9992380717221429">
          <Unicode>aut tibi posset merito insultare“. Addit haec: „regem nunciis et litteris a proposito</Unicode>
        </TextEquiv>
      </TextLine>
      <TextLine id="eSc_line_8d2b785e" custom="structure {type:default;}">
        <Coords points="954,1035 954,1062 2863,1060 2865,1031 2858,1002 952,1002 954,1035"/>
        <Baseline points="954,1035 2865,1031"/>
        <TextEquiv conf="0.999870546070146">
          <Unicode>suo paterne et benigne revocare volentes, quod tibi concessimus, nullatenus muta-</Unicode>
        </TextEquiv>
      </TextLine>
      <TextLine id="eSc_line_f6e233c0" custom="structure {type:default;}">
        <Coords points="954,1093 954,1115 2865,1110 2867,1086 2861,1057 952,1057 954,1093"/>
        <Baseline points="954,1093 2867,1086"/>
        <TextEquiv conf="0.996326458454132">
          <Unicode>vimus, et in die tibi concessa potestatem tuam libere exercere tibi plenam concedimus</Unicode>
        </TextEquiv>
      </TextLine>
      <TextLine id="eSc_line_c0adda05" custom="structure {type:default;}">
        <Coords points="952,1146 952,1172 2861,1177 2865,1141 2861,1113 967,1104 965,1104 963,1104 961,1104 950,1110 952,1146"/>
        <Baseline points="952,1146 2865,1141"/>
        <TextEquiv conf="0.9983500069882496">
          <Unicode>facultatem“. Epist. S. Thomae ed. Lupus p. 652, ed. Giles II. 25, Migne 200 p. 489.</Unicode>
        </TextEquiv>
      </TextLine>
      <TextLine id="eSc_line_91d74818" custom="structure {type:default;}">
        <Coords points="952,1196 952,1216 1040,1230 1042,1232 1290,1232 1290,1230 1292,1230 1294,1230 1294,1227 1305,1219 1458,1230 1460,1230 1462,1230 1509,1216 1509,1196 1509,1168 952,1168 952,1196"/>
        <Baseline points="952,1196 1509,1196"/>
        <TextEquiv conf="0.9983293364445368">
          <Unicode>— „Ex litteris tuis te“.</Unicode>
        </TextEquiv>
      </TextLine>
      <TextLine id="eSc_line_024e5fd2" custom="structure {type:default;}">
        <Coords points="901,1249 899,1272 2863,1276 2867,1254 2865,1219 1020,1219 901,1205 901,1249"/>
        <Baseline points="901,1249 2867,1254"/>
        <TextEquiv conf="0.9959077365258161">
          <Unicode>11409 (7629) Ludovico, Francorum regi, scribit eadem iisdem fere verbis, ut superiore</Unicode>
        </TextEquiv>
      </TextLine>
      <TextLine id="eSc_line_983c606e" custom="structure {type:default;}">
        <Coords points="676,1260 673,1294 777,1294 779,1265 779,1214 742,1203 740,1203 737,1203 676,1210 676,1260"/>
        <Baseline points="676,1260 779,1265"/>
        <TextEquiv conf="1.0">
          <Unicode>(„)</Unicode>
        </TextEquiv>
      </TextLine>
      <TextLine id="eSc_line_fb472d62" custom="structure {type:default;}">
        <Coords points="954,1309 954,1336 2867,1336 2867,1309 2867,1280 954,1269 954,1309"/>
        <Baseline points="954,1309 2867,1309"/>
        <TextEquiv conf="0.993646398375306">
          <Unicode>ad Thomam archiepiscopum epistola. Epist. S. Thomae ed. Lupus p. 693, ed. Giles</Unicode>
        </TextEquiv>
      </TextLine>
      <TextLine id="eSc_line_b38fefaa" custom="structure {type:default;}">
        <Coords points="952,1366 952,1386 1261,1397 1263,1397 1265,1397 1294,1386 1299,1386 1575,1395 1577,1395 1676,1384 1714,1395 1716,1395 1718,1395 1853,1382 1869,1382 1889,1382 2096,1393 2098,1393 2101,1393 2151,1380 2151,1360 2147,1331 1356,1322 1354,1322 1352,1322 1312,1333 963,1325 961,1325 958,1325 956,1325 956,1327 950,1331 952,1366"/>
        <Baseline points="952,1366 2151,1360"/>
        <TextEquiv conf="0.9929622912406921">
          <Unicode>II. 141, Migne 200 p. 490. — „Regiae serenitatis“.</Unicode>
        </TextEquiv>
      </TextLine>
      <TextLine id="eSc_line_bbf0fef7" custom="structure {type:default;}">
        <Coords points="901,1419 901,1444 2867,1439 2867,1413 2863,1382 2211,1371 2209,1371 2125,1382 947,1375 945,1375 943,1375 899,1386 901,1419"/>
        <Baseline points="901,1419 2867,1413"/>
        <TextEquiv conf="0.9999855284283801">
          <Unicode>11410 Sententiam inter Hugonem abbatem fratresque S. Germani de Pratis Parisienses</Unicode>
        </TextEquiv>
      </TextLine>
      <TextLine id="eSc_line_450d6f68" custom="structure {type:default;}">
        <Coords points="344,1422 344,1453 558,1450 558,1422 558,1382 525,1371 523,1371 521,1371 479,1380 463,1382 344,1373 344,1422"/>
        <Baseline points="344,1422 558,1422"/>
        <TextEquiv conf="0.9996200459344047">
          <Unicode>lun. 5.</Unicode>
        </TextEquiv>
      </TextLine>
      <TextLine id="eSc_line_a5cf5881" custom="structure {type:default;}">
        <Coords points="687,1435 687,1508 718,1508 718,1506 720,1506 722,1506 722,1503 724,1501 740,1488 775,1495 777,1435 777,1397 731,1384 729,1384 726,1384 724,1384 687,1393 687,1435"/>
        <Baseline points="687,1435 777,1435"/>
        <TextEquiv conf="1.0">
          <Unicode>„</Unicode>
        </TextEquiv>
      </TextLine>
      <TextLine id="eSc_line_dc048113" custom="structure {type:default;}">
        <Coords points="952,1475 952,1497 2863,1503 2865,1475 2865,1444 952,1444 952,1475"/>
        <Baseline points="952,1475 2865,1475"/>
        <TextEquiv conf="0.9984289636978736">
          <Unicode>et Symonem de Aneto latam a Ludovico Francorum rege confirmat. Autogr. in tab.</Unicode>
        </TextEquiv>
      </TextLine>
      <TextLine id="eSc_line_79a3be8a" custom="structure {type:default;}">
        <Coords points="954,1530 954,1554 2863,1561 2865,1530 2865,1497 954,1492 954,1530"/>
        <Baseline points="954,1530 2865,1530"/>
        <TextEquiv conf="0.9993155986070633">
          <Unicode>nat. Paris. L. 231. n. 32. (Ex chartular. S. Germani de Pratis f. 11 in tabular.</Unicode>
        </TextEquiv>
      </TextLine>
      <TextLine id="eSc_line_cc3bd8ca" custom="structure {type:default;}">
        <Coords points="954,1585 954,1605 2277,1601 2280,1581 2273,1550 952,1552 954,1585"/>
        <Baseline points="954,1585 2280,1581"/>
        <TextEquiv conf="0.9944102078676224">
          <Unicode>nat. Paris. misit Delisle.) — „Iustis petentium desideriis“.</Unicode>
        </TextEquiv>
      </TextLine>
      <TextLine id="eSc_line_39ec6df8" custom="structure {type:default;}">
        <Coords points="901,1640 901,1665 2861,1667 2865,1634 2861,1603 1562,1594 1559,1594 1557,1594 1515,1605 927,1596 925,1596 923,1596 899,1605 901,1640"/>
        <Baseline points="901,1640 2865,1634"/>
        <TextEquiv conf="0.9998646429399165">
          <Unicode>11411 (7630) Monasterium Nonantulanum tuendum suscipit et eius bona ac privilegia,</Unicode>
        </TextEquiv>
      </TextLine>
      <TextLine id="eSc_line_a2b7fbc3" custom="structure {type:default;}">
        <Coords points="373,1651 373,1693 554,1678 554,1643 550,1603 368,1603 373,1651"/>
        <Baseline points="373,1651 554,1643"/>
        <TextEquiv conf="0.9912562817335129">
          <Unicode>„ 9.</Unicode>
        </TextEquiv>
      </TextLine>
      <TextLine id="eSc_line_af794a6a" custom="structure {type:default;}">
        <Coords points="682,1658 682,1693 722,1713 724,1713 726,1713 773,1702 773,1654 766,1605 678,1607 682,1658"/>
        <Baseline points="682,1658 773,1654"/>
        <TextEquiv conf="1.0">
          <Unicode>„</Unicode>
        </TextEquiv>
      </TextLine>
      <TextLine id="eSc_line_15d73002" custom="structure {type:default;}">
        <Coords points="954,1693 954,1729 2865,1729 2865,1693 2865,1662 954,1662 954,1693"/>
        <Baseline points="954,1693 2865,1693"/>
        <TextEquiv conf="0.9999113785369056">
          <Unicode>petente Alberto abbate, confirmat. Tiraboschi St. di Non. II. 284, Migne 200 p. 491.</Unicode>
        </TextEquiv>
      </TextLine>
      <TextLine id="eSc_line_7cb0b0bd" custom="structure {type:default;}">
        <Coords points="954,1746 954,1764 1042,1779 1045,1779 1433,1777 1436,1777 1484,1764 1484,1746 1484,1718 954,1711 954,1746"/>
        <Baseline points="954,1746 1484,1746"/>
        <TextEquiv conf="0.9926581193100322">
          <Unicode>— „Apostolicae sedis“.</Unicode>
        </TextEquiv>
      </TextLine>
      <TextLine id="eSc_line_8b54ae91" custom="structure {type:default;}">
        <Coords points="903,1804 905,1837 938,1826 1699,1837 1776,1837 1778,1837 1780,1837 1782,1837 1802,1824 2039,1824 2118,1835 2121,1835 2284,1824 2366,1835 2368,1835 2569,1824 2602,1835 2604,1835 2607,1835 2735,1824 2858,1835 2863,1799 2858,1766 901,1762 903,1804"/>
        <Baseline points="903,1804 2863,1799"/>
        <TextEquiv conf="0.9932249248027801">
          <Unicode>11412 (7631) Monasterii Nonantulani libertatem confirmat. Tiraboschi St. di Non.</Unicode>
        </TextEquiv>
      </TextLine>
      <TextLine id="eSc_line_9bff5610" custom="structure {type:default;}">
        <Coords points="382,1815 382,1841 554,1843 556,1808 550,1755 380,1762 382,1815"/>
        <Baseline points="382,1815 556,1808"/>
        <TextEquiv conf="0.9999994039535522">
          <Unicode>„ 9.</Unicode>
        </TextEquiv>
      </TextLine>
      <TextLine id="eSc_line_6a1bab3b" custom="structure {type:default;}">
        <Coords points="689,1821 689,1841 773,1832 773,1821 773,1773 689,1766 689,1821"/>
        <Baseline points="689,1821 773,1821"/>
        <TextEquiv conf="1.0">
          <Unicode>„</Unicode>
        </TextEquiv>
      </TextLine>
      <TextLine id="eSc_line_0c0c5588" custom="structure {type:default;}">
        <Coords points="954,1859 954,1879 1237,1890 1239,1890 1301,1879 1303,1879 1307,1879 1363,1890 1365,1890 1367,1890 1409,1879 1411,1879 1458,1890 1460,1890 1462,1890 1464,1890 1495,1879 1557,1890 1559,1890 1562,1890 1588,1877 1592,1877 1679,1877 1681,1877 1690,1885 1690,1888 1692,1888 1694,1888 1696,1890 2165,1890 2165,1888 2167,1888 2213,1874 2213,1855 2209,1826 952,1826 954,1859"/>
        <Baseline points="954,1859 2213,1855"/>
        <TextEquiv conf="0.9999126482468385">
          <Unicode>II. 283, Migne 200 p. 493. — „Ea, quae auctoritate“.</Unicode>
        </TextEquiv>
      </TextLine>
      <TextLine id="eSc_line_65c915fa" custom="structure {type:default;}">
        <Coords points="901,1914 901,1947 967,1936 1548,1945 1553,1945 1555,1945 1557,1945 1586,1934 2125,1943 2127,1943 2213,1932 2863,1941 2867,1908 2861,1870 899,1877 901,1914"/>
        <Baseline points="901,1914 2867,1908"/>
        <TextEquiv conf="0.9999794285921824">
          <Unicode>11413 (7632) Gand. Grat. Io. Hard. et ceteris monachis catholicis S. Prosperi Regini</Unicode>
        </TextEquiv>
      </TextLine>
      <TextLine id="eSc_line_61991cb7" custom="structure {type:default;}">
        <Coords points="373,1925 375,1954 433,1938 468,1947 492,1952 494,1952 554,1938 556,1921 552,1877 479,1863 477,1863 371,1879 373,1925"/>
        <Baseline points="373,1925 556,1921"/>
        <TextEquiv conf="0.999999737739563">
          <Unicode>„ 12.</Unicode>
        </TextEquiv>
      </TextLine>
      <TextLine id="eSc_line_4c5f5649" custom="structure {type:default;}">
        <Coords points="680,1932 680,1954 715,1965 718,1965 720,1965 722,1965 724,1965 724,1963 735,1954 740,1949 777,1952 779,1932 779,1892 680,1883 680,1932"/>
        <Baseline points="680,1932 779,1932"/>
        <TextEquiv conf="1.0">
          <Unicode>„</Unicode>
        </TextEquiv>
      </TextLine>
      <TextLine id="eSc_line_aa052f27" custom="structure {type:default;}">
        <Coords points="952,1969 952,1994 2861,1996 2865,1963 2861,1934 950,1934 952,1969"/>
        <Baseline points="952,1969 2865,1963"/>
        <TextEquiv conf="0.9998004300048552">
          <Unicode>praecipit, ut Guidonem abbatem, qui „tectum monasterii, quod plumbeum erat, eruisse</Unicode>
        </TextEquiv>
      </TextLine>
      <TextLine id="eSc_line_9fbe914d" custom="structure {type:default;}">
        <Coords points="952,2022 952,2042 1270,2055 1272,2055 1394,2044 1604,2055 1606,2058 1917,2058 1917,2055 1919,2055 1968,2044 2052,2055 2054,2055 2202,2044 2277,2055 2280,2058 2704,2058 2704,2055 2706,2055 2748,2044 2805,2055 2808,2058 2808,2055 2867,2042 2867,2022 2867,1994 952,1994 952,2022"/>
        <Baseline points="952,2022 2867,2022"/>
        <TextEquiv conf="0.9950248861596698">
          <Unicode>dicatur et in gulae voracitate illius precium dissipasse“, qui praeterea „prius dam-</Unicode>
        </TextEquiv>
      </TextLine>
      <TextLine id="eSc_line_3f00e415" custom="structure {type:default;}">
        <Coords points="954,2080 954,2106 2865,2102 2867,2075 2863,2047 1942,2036 1939,2036 1866,2047 1860,2049 952,2049 954,2080"/>
        <Baseline points="954,2080 2867,2075"/>
        <TextEquiv conf="0.9998354911804199">
          <Unicode>pnate memorie Octaviano heresiarcho et demum Guidoni cremando (l. Cremensi)</Unicode>
        </TextEquiv>
      </TextLine>
      <TextLine id="eSc_line_ecdfcc80" custom="structure {type:default;}">
        <Coords points="954,2133 954,2155 2861,2157 2865,2128 2858,2100 952,2102 954,2133"/>
        <Baseline points="954,2133 2865,2128"/>
        <TextEquiv conf="0.9970173408955704">
          <Unicode>illud nefandissimum prestiterit iuramentum“, removeant, aliumque abbatem eligant.</Unicode>
        </TextEquiv>
      </TextLine>
      <TextLine id="eSc_line_6a58b4ae" custom="structure {type:default;}">
        <Coords points="952,2188 952,2221 2865,2208 2867,2181 2863,2153 950,2148 952,2188"/>
        <Baseline points="952,2188 2867,2181"/>
        <TextEquiv conf="0.9958688837510569">
          <Unicode>Muratori Ant. It. VI. 225, Affarosi Mem. di S. Prosp. di Reggio I. 120, Migne 200</Unicode>
        </TextEquiv>
      </TextLine>
      <TextLine id="eSc_line_a08e55fa" custom="structure {type:default;}">
        <Coords points="952,2243 952,2263 1462,2274 1464,2274 1557,2261 1568,2261 1570,2261 1590,2272 1592,2272 1595,2272 2001,2259 2003,2239 1999,2208 950,2208 952,2243"/>
        <Baseline points="952,2243 2003,2239"/>
        <TextEquiv conf="0.9999345693477365">
          <Unicode>p. 495. — „(Ad noti)tiam nostram pervenit“.</Unicode>
        </TextEquiv>
      </TextLine>
      <TextLine id="eSc_line_b0b085e0" custom="structure {type:default;}">
        <Coords points="901,2294 901,2323 2867,2318 2867,2294 2867,2263 901,2259 901,2294"/>
        <Baseline points="901,2294 2867,2294"/>
        <TextEquiv conf="0.9985655749386008">
          <Unicode>11414 Monasterii S. Felicis, iuxta castrum de Vada siti, possessiones et privilegia con-</Unicode>
        </TextEquiv>
      </TextLine>
      <TextLine id="eSc_line_4f56547c" custom="structure {type:default;}">
        <Coords points="377,2307 380,2343 437,2320 481,2329 536,2338 539,2338 541,2338 543,2338 543,2336 558,2318 558,2301 556,2259 528,2245 525,2245 523,2245 455,2256 417,2263 375,2256 377,2307"/>
        <Baseline points="377,2307 558,2301"/>
        <TextEquiv conf="0.9999966621398926">
          <Unicode>„ 19.</Unicode>
        </TextEquiv>
      </TextLine>
      <TextLine id="eSc_line_4947292a" custom="structure {type:default;}">
        <Coords points="682,2316 682,2382 771,2378 771,2316 771,2206 682,2199 682,2316"/>
        <Baseline points="682,2316 771,2316"/>
        <TextEquiv conf="0.7324039936065674">
          <Unicode>„</Unicode>
        </TextEquiv>
      </TextLine>
      <TextLine id="eSc_line_0d3ed6a5" custom="structure {type:default;}">
        <Coords points="952,2354 952,2382 2867,2380 2867,2347 2863,2318 2386,2307 2383,2307 2204,2318 2182,2320 950,2320 952,2354"/>
        <Baseline points="952,2354 2867,2347"/>
        <TextEquiv conf="0.9984247225361902">
          <Unicode>firmat, bulla ad Bonum abbatem. Pflugk-Harttung Iter p. 267. — „Religiosam</Unicode>
        </TextEquiv>
      </TextLine>
      <TextLine id="eSc_line_d4001254" custom="structure {type:default;}">
        <Coords points="952,2407 952,2424 1124,2429 1126,2407 1126,2376 952,2376 952,2407"/>
        <Baseline points="952,2407 1126,2407"/>
        <TextEquiv conf="1.0">
          <Unicode>vitam“.</Unicode>
        </TextEquiv>
      </TextLine>
      <TextLine id="eSc_line_056bcfa7" custom="structure {type:default;}">
        <Coords points="901,2457 899,2477 923,2491 925,2491 927,2491 2863,2486 2865,2462 2863,2422 901,2420 901,2457"/>
        <Baseline points="901,2457 2865,2462"/>
        <TextEquiv conf="0.982830073684454">
          <Unicode>11415 (7633) lohannem episcopum et abbatem Catanensem consecrat pallioque ornat.</Unicode>
        </TextEquiv>
      </TextLine>
      <TextLine id="eSc_line_d1128410" custom="structure {type:default;}">
        <Coords points="338,2464 338,2493 561,2493 561,2464 561,2422 338,2422 338,2464"/>
        <Baseline points="338,2464 561,2464"/>
        <TextEquiv conf="0.9997169524431229">
          <Unicode>Iul. 26.</Unicode>
        </TextEquiv>
      </TextLine>
      <TextLine id="eSc_line_a5ebdc0c" custom="structure {type:default;}">
        <Coords points="682,2479 684,2544 771,2541 768,2475 764,2418 678,2418 682,2479"/>
        <Baseline points="682,2479 768,2475"/>
        <TextEquiv conf="0.9989238381385803">
          <Unicode>„</Unicode>
        </TextEquiv>
      </TextLine>
      <TextLine id="eSc_line_e003eabf" custom="structure {type:default;}">
        <Coords points="952,2517 952,2539 2861,2544 2865,2513 2858,2484 950,2484 952,2517"/>
        <Baseline points="952,2517 2865,2513"/>
        <TextEquiv conf="0.998819339706237">
          <Unicode>et ecclesiae eius possessiones ac iura confirmat. Pirri Sic. sacr. I. 530, Acta SS.</Unicode>
        </TextEquiv>
      </TextLine>
      <TextLine id="eSc_line_848deb71" custom="structure {type:default;}">
        <Coords points="952,2570 952,2590 2286,2597 2288,2570 2288,2539 952,2539 952,2570"/>
        <Baseline points="952,2570 2288,2570"/>
        <TextEquiv conf="0.9976896792650223">
          <Unicode>Febr. T. I. 656, Migne 200 p. 495. — „Sicut beatissimi“.</Unicode>
        </TextEquiv>
      </TextLine>
      <TextLine id="eSc_line_86e02f9b" custom="structure {type:default;}">
        <Coords points="901,2627 901,2650 2858,2652 2863,2621 2858,2590 899,2588 901,2627"/>
        <Baseline points="901,2627 2863,2621"/>
        <TextEquiv conf="0.9995660293533142">
          <Unicode>11416 Ecclesiae S. Mariae de Urano protectionem suscipit et possessiones confirmat,</Unicode>
        </TextEquiv>
      </TextLine>
      <TextLine id="eSc_line_e81e6ea3" custom="structure {type:default;}">
        <Coords points="342,2630 342,2667 444,2674 446,2674 448,2674 450,2674 466,2661 475,2656 558,2656 558,2630 558,2583 525,2572 523,2572 521,2572 519,2572 517,2572 503,2583 499,2583 342,2577 342,2630"/>
        <Baseline points="342,2630 558,2630"/>
        <TextEquiv conf="0.9970754214695522">
          <Unicode>Aug. 7.</Unicode>
        </TextEquiv>
      </TextLine>
      <TextLine id="eSc_line_d82d0cac" custom="structure {type:default;}">
        <Coords points="680,2641 680,2661 726,2672 729,2672 731,2672 733,2672 733,2669 744,2661 751,2654 775,2658 777,2641 777,2566 680,2566 680,2641"/>
        <Baseline points="680,2641 777,2641"/>
        <TextEquiv conf="0.9999974966049194">
          <Unicode>„</Unicode>
        </TextEquiv>
      </TextLine>
      <TextLine id="eSc_line_fc773fae" custom="structure {type:default;}">
        <Coords points="954,2683 954,2711 1212,2703 1402,2711 1451,2714 1453,2714 1455,2714 1464,2711 1504,2703 1564,2711 1581,2714 1584,2714 1608,2711 1705,2700 1767,2711 1771,2711 1774,2714 2019,2714 2019,2711 2021,2711 2023,2711 2059,2700 2163,2711 2174,2711 2176,2711 2178,2711 2180,2711 2198,2700 2295,2709 2297,2709 2299,2709 2322,2698 2861,2709 2865,2676 2858,2641 952,2643 954,2683"/>
        <Baseline points="954,2683 2865,2676"/>
        <TextEquiv conf="0.9955548018217086">
          <Unicode>petente P. procuratore ecclesiae. („Ex regesto noni anni Alex. III.“) Mittarelli</Unicode>
        </TextEquiv>
      </TextLine>
      <TextLine id="eSc_line_f39c3af2" custom="structure {type:default;}">
        <Coords points="954,2736 954,2760 2863,2769 2865,2736 2865,2705 954,2705 954,2736"/>
        <Baseline points="954,2736 2865,2736"/>
        <TextEquiv conf="0.9859990912325242">
          <Unicode>Ann. Cam. IV. app. p. 369, Horoy Med. aevi bibl. patr. II. Epist. Honor. III. p. 428.</Unicode>
        </TextEquiv>
      </TextLine>
      <TextLine id="eSc_line_f50058e2" custom="structure {type:default;}">
        <Coords points="963,2789 963,2809 1045,2822 1047,2822 1836,2809 1836,2789 1836,2760 963,2760 963,2789"/>
        <Baseline points="963,2789 1836,2789"/>
        <TextEquiv conf="0.9999719152325078">
          <Unicode>— „Susceptae dispensationis officium“.</Unicode>
        </TextEquiv>
      </TextLine>
      <TextLine id="eSc_line_e7fa9592" custom="structure {type:default;}">
        <Coords points="903,2844 903,2870 2865,2868 2867,2837 2863,2806 1597,2797 1595,2797 1592,2797 1553,2809 958,2800 956,2800 901,2811 903,2844"/>
        <Baseline points="903,2844 2867,2837"/>
        <TextEquiv conf="0.9997728213667869">
          <Unicode>11417 (7634) (Hugoni) Suessionensi, (Roberto) Ambianensi et (Galtero) Laudunensi</Unicode>
        </TextEquiv>
      </TextLine>
      <TextLine id="eSc_line_a0de1fca" custom="structure {type:default;}">
        <Coords points="382,2853 384,2895 428,2879 558,2879 558,2848 554,2811 380,2811 382,2853"/>
        <Baseline points="382,2853 558,2848"/>
        <TextEquiv conf="0.9998633623123169">
          <Unicode>„ 27.</Unicode>
        </TextEquiv>
      </TextLine>
      <TextLine id="eSc_line_24b451b8" custom="structure {type:default;}">
        <Coords points="684,2864 684,2875 773,2884 775,2859 766,2802 742,2813 680,2806 684,2864"/>
        <Baseline points="684,2864 775,2859"/>
        <TextEquiv conf="1.0">
          <Unicode>„</Unicode>
        </TextEquiv>
      </TextLine>
      <TextLine id="eSc_line_37f4edcd" custom="structure {type:default;}">
        <Coords points="954,2899 954,2923 2865,2919 2867,2895 2861,2866 952,2868 954,2899"/>
        <Baseline points="954,2899 2867,2895"/>
        <TextEquiv conf="0.9950385862086193">
          <Unicode>episcopis mandat, cogant Mathaeum, Philippi comitis fratrem, et M. quondam abbatis-</Unicode>
        </TextEquiv>
      </TextLine>
      <TextLine id="eSc_line_c47e6fbd" custom="structure {type:default;}">
        <Coords points="954,2956 954,2979 2865,2972 2867,2948 2861,2919 952,2926 954,2956"/>
        <Baseline points="954,2956 2867,2948"/>
        <TextEquiv conf="0.999990586286936">
          <Unicode>sam, ut C(onstantiae) comitissae S. Egidii ablatum comitatum Boloniensem, quem</Unicode>
        </TextEquiv>
      </TextLine>
      <TextLine id="eSc_line_21bc1464" custom="structure {type:default;}">
        <Coords points="954,3007 954,3032 2863,3034 2865,3007 2863,2976 954,2976 954,3007"/>
        <Baseline points="954,3007 2865,3007"/>
        <TextEquiv conf="0.9953062178158179">
          <Unicode>ab Eustachio, quondam filio regis Stephani, „in dotalitium“ acceperit, restituant.</Unicode>
        </TextEquiv>
      </TextLine>
      <TextLine id="eSc_line_aec5e9ee" custom="structure {type:default;}">
        <Coords points="954,3062 954,3089 2865,3098 2867,3062 2867,3029 2852,3021 2850,3021 2847,3021 2675,3021 2673,3021 2671,3021 2668,3021 2651,3032 2589,3021 2587,3021 2523,3032 2520,3032 2518,3032 2381,3021 2379,3021 2377,3021 2353,3032 2350,3032 2348,3032 2313,3021 2311,3021 2070,3021 2068,3021 2065,3021 2063,3021 2050,3029 2045,3032 2012,3029 1904,3021 1902,3021 1900,3021 1866,3029 1853,3032 1824,3029 1756,3021 1754,3021 1752,3021 1734,3027 1723,3032 954,3025 954,3062"/>
        <Baseline points="954,3062 2867,3062"/>
        <TextEquiv conf="0.9979864138932455">
          <Unicode>Nisi fecerint, excommunicari eos iubet. Martene Coll. II. 755, Bouquet Rec. XV. 867,</Unicode>
        </TextEquiv>
      </TextLine>
      <TextLine id="eSc_line_3849d5cf" custom="structure {type:default;}">
        <Coords points="954,3118 954,3140 1964,3140 1964,3118 1964,3087 954,3087 954,3118"/>
        <Baseline points="954,3118 1964,3118"/>
        <TextEquiv conf="0.9893456508473653">
          <Unicode>Migne 200 p. 497. — „Dilecta in Christo“.</Unicode>
        </TextEquiv>
      </TextLine>
      <TextLine id="eSc_line_cba2a590" custom="structure {type:default;}">
        <Coords points="901,3177 901,3206 2865,3195 2867,3168 2863,3127 1544,3127 1542,3127 1522,3127 1367,3138 899,3129 901,3177"/>
        <Baseline points="901,3177 2867,3168"/>
        <TextEquiv conf="0.994460452751941">
          <Unicode>11418 (7635) Henrico, archiepiscopo Remensi, se excusat, quod eius de (Andrea) epi-</Unicode>
        </TextEquiv>
      </TextLine>
      <TextLine id="eSc_line_549f78b8" custom="structure {type:default;}">
        <Coords points="380,3182 380,3206 558,3206 558,3173 552,3120 375,3129 380,3182"/>
        <Baseline points="380,3182 558,3173"/>
        <TextEquiv conf="0.9974602937698365">
          <Unicode>„ 27.</Unicode>
        </TextEquiv>
      </TextLine>
      <TextLine id="eSc_line_a03bdda5" custom="structure {type:default;}">
        <Coords points="671,3188 671,3250 779,3255 782,3188 779,3135 671,3140 671,3188"/>
        <Baseline points="671,3188 782,3188"/>
        <TextEquiv conf="1.0">
          <Unicode>„</Unicode>
        </TextEquiv>
      </TextLine>
      <TextLine id="eSc_line_c7e6ed1f" custom="structure {type:default;}">
        <Coords points="954,3228 954,3257 2861,3257 2863,3224 2856,3195 952,3197 954,3228"/>
        <Baseline points="954,3228 2863,3224"/>
        <TextEquiv conf="0.9940273898771439">
          <Unicode>scopo Atrebatensi precibus non satisfecerit. Hortatur, ut suffraganeos benigne tractet.</Unicode>
        </TextEquiv>
      </TextLine>
      <TextLine id="eSc_line_ea326f3b" custom="structure {type:default;}">
        <Coords points="952,3283 952,3305 2858,3310 2863,3279 2856,3250 950,3250 952,3283"/>
        <Baseline points="952,3283 2863,3279"/>
        <TextEquiv conf="0.9953399073509943">
          <Unicode>et b. Petri ecclesiarum libertatem servet. Significat, se de sorore eius Constantia,</Unicode>
        </TextEquiv>
      </TextLine>
      <TextLine id="eSc_line_3514ab8a" custom="structure {type:default;}">
        <Coords points="952,3334 952,3363 2861,3356 2863,3327 2856,3301 950,3305 952,3334"/>
        <Baseline points="952,3334 2863,3327"/>
        <TextEquiv conf="0.9986505324457898">
          <Unicode>(comitissa S. Egidii) comitis Tolosani uxore, ad Suessionensem, Ambianensem, Lau-</Unicode>
        </TextEquiv>
      </TextLine>
      <TextLine id="eSc_line_0808f4c3" custom="structure {type:default;}">
        <Coords points="954,3392 954,3416 2865,3416 2865,3385 2858,3356 952,3361 954,3392"/>
        <Baseline points="954,3392 2865,3385"/>
        <TextEquiv conf="0.9970374943279638">
          <Unicode>dunensem episcopos scripsisse. Paganum magistrum commendat. Baluzii Misc. III. 76,</Unicode>
        </TextEquiv>
      </TextLine>
      <TextLine id="eSc_line_4f045191" custom="structure {type:default;}">
        <Coords points="956,3445 961,3504 987,3482 1040,3486 1042,3486 1045,3486 1047,3486 1064,3475 1312,3475 1332,3486 1334,3486 1336,3486 1338,3486 1555,3478 1584,3495 1592,3502 1595,3502 1597,3502 1599,3502 1601,3502 1623,3495 1674,3478 1796,3491 1798,3491 1924,3473 1966,3491 1995,3502 1997,3502 1999,3504 2262,3504 2262,3502 2264,3502 2317,3486 2326,3484 2346,3484 2514,3502 2516,3502 2518,3502 2576,3482 2578,3482 2580,3482 2615,3500 2618,3500 2620,3500 2737,3480 2759,3478 2856,3478 2861,3440 2856,3411 954,3409 956,3445"/>
        <Baseline points="956,3445 2861,3440"/>
        <TextEquiv conf="0.9951953065546253">
          <Unicode>Martene Coll. 1I. 753. Bouquet Rec. XV. 866. Mansi XXI. 1066, Migne 200 p. 408.</Unicode>
        </TextEquiv>
      </TextLine>
      <TextLine id="eSc_line_1d402cd6" custom="structure {type:default;}">
        <Coords points="958,3500 958,3557 1224,3553 1237,3553 1307,3564 1310,3564 1491,3546 1491,3493 1484,3467 956,3471 958,3500"/>
        <Baseline points="958,3500 1491,3493"/>
        <TextEquiv conf="0.9963180449875918">
          <Unicode>— „Cum significasses“.</Unicode>
        </TextEquiv>
      </TextLine>
    </TextRegion>
    <TextRegion id="eSc_textblock_3bf8bcfe"  custom="structure {type:default;}">
      <Coords points="1221,150 1984,150 2070,159 2087,236 2052,262 1111,245 1111,159 1221,150"/>
      <TextLine id="eSc_line_515fc34a" custom="structure {type:default;}">
        <Coords points="1131,227 1131,242 1588,253 1590,253 1592,253 1641,240 1646,240 1650,240 1718,251 1721,251 1851,240 2032,251 2034,251 2037,251 2039,251 2054,238 2054,223 2052,174 1992,156 1990,156 1988,156 1904,172 1794,156 1712,156 1710,156 1707,156 1665,172 1551,159 1548,159 1546,159 1544,159 1526,174 1484,159 1482,159 1480,159 1387,172 1250,159 1248,159 1129,176 1131,227"/>
        <Baseline points="1131,227 2054,223"/>
        <TextEquiv conf="0.9999861145019531">
          <Unicode>ALEXANDER III. 1159—1181.</Unicode>
        </TextEquiv>
      </TextLine>
    </TextRegion>
  </Page>
</PcGts>
