3007 3975
662 295 2216 388 1168. (Ind. 1, pont. a. 9. — 20. Sept. — 10, 1167. — 25. Mart. — 1168.)
393 351 636 472 Beneventi
134 364 355 463 Sept. 12.
689 366 2657 443 11419 (7636) Monasterii SS. Felicis et Fortunati Vicentini bona et privilegia confirmat,
744 439 2660 503 petente Arnulpho abbate. Ughelli It. sacr. V. 1042, Margarini Bull. Cas. II. 183,
740 485 2450 547 Gloria Cod. dipl. Pad. II. 173, Migne 200 p. 499. — „Religiosam vitam“.
691 543 2660 616 11420 (7652) Henricum, Anglorum regem, hortatur, ne pergat „in Lincolniensi, Batho-
132 545 355 613 Oct. 9.
477 541 563 662 „
742 598 2660 664 niensi, Herefordensi episcopatibus vacantibus necnon in Bangoriensi et Lanelviensi
742 655 2660 717 (S. Asaph) liberam electionem prohibere“. „Alioquin“ inquit „manus b. Petri ac
742 711 2662 779 nostras a tuo non poterimus gravamine continere“. Epist. S. Thomae ed. Lupus
742 764 2660 830 p. 499, ed. Giles II. 124, Migne 200 p. 510, (Mansi XXI. 889, Haddan and Stubbs
742 821 2660 881 Councils I. 371). De tempore cf. Reuter II. 388. — „Quanto personam tuam“ („Et
742 881 1031 934 quidem si“).
141 894 355 1009 Nov. 9.
691 914 2657 998 11421 (7637) Monasterium S. Reparatae Marradinum tuendum suscipit eiusque bona
483 925 567 1002 „
740 978 2657 1048 et iura, petente Homodeo abbate, confirmat. Ughelli It. sacr. II. 499, Migne 200
740 1033 1369 1104 p. 501. — „Quoties illud“.
691 1090 2660 1161 11422 *Ecclesiam S. Theodori tuendam suscipit, eiusque disciplinam secundum insti-
174 1088 357 1161 „ 29?
479 1093 574 1190 „
740 1150 2655 1216 tutionem ordinis Mortariensis ac possessiones confirmat, bulla ad Bonifatium priorem.
737 1205 1398 1265 Pflugk-Harttung Iter p. 267.
687 1247 2660 1325 11423 (7638) Ecclesiae Mortariensis tutelam suscipit, possessionesque et iura confirmat.
132 1249 351 1329 Dec. 1.
479 1252 570 1338 „
737 1309 1637 1373 Bull. Lat. p. 43. — „Quanto ecclesia“.
689 1355 2655 1437 11424 (7639) Ecclesiam SS. Hippolyti et Cassiani et S. Iohannis Baptistae Foscianen-
174 1355 346 1442 „ 23.
475 1382 578 1442 „
740 1424 2657 1486 sem tuendam suscipit, eiusque possessiones et privilegia confirmat, petente lacobo
737 1481 2657 1543 plebano. Muratori Ant. It. VI. 423, Pacchi Ricerche ist. s. prov. d. Garfagnana App.
740 1532 1785 1605 p. 7, Migne 200 p. 502. — „Pia postulatio“.
689 1585 2657 1651 11425 (7640) Ecclesiam S. Petri Bononiensem tuendam suscipit et eius bona ac iura
170 1565 346 1667 „ 30.
461 1581 583 1662 „
737 1643 2655 1707 confirmat, Bonifacio archidiacono et Alberto archipresbytero petentibus. Savioli Ann.
740 1700 2308 1760 Bol. II. II. 7, Migne 200 p. 504. — „Effectum iusta postulantibus“.
689 1753 2655 1826 11426 Monasterium Cavense „eximit ab omni iugo et subiicit sedi Romanae“. Ex
735 1802 1714 1879 cod. Vatic. 7927. Dedit b. m. Bethmann.
651 1868 830 1974 1168?
684 1965 2657 2036 11427 (7641) Thomam, archiepiscopum Cantuariensem, hortatur, ut „quantum salro
733 2031 2655 2100 honore officii sui et libertate ecclesiae fieri poterit, se ipsum Henrico Anglorum regi
735 2084 2653 2146 humiliet, et ad gratiam et amorem eius recuperandum modis omnibus enitatur, neque
735 2131 2651 2206 plus iusto de eo timeat, nec maiores, quam oporteat, securitates requirat“. Epist.
733 2186 2653 2259 S. Thomae ed. Giles II. 19, ed. Lupus p. 455, Mansi XXI. 886, Migne 200 p. 505.
740 2254 1349 2316 — „Etsi adversitatum et“.
687 2301 2653 2371 11428 *Alberto archiepiscopo Salzburgensi mandat, ut Chun(radum) de Megilingen ex-
735 2360 2417 2429 communicatum denuntiet. Vide Conradi Mog. ep. ap. Sudendorf II. 149.
651 2420 994 2530 1165—1169.
684 2513 2653 2583 11429 (7642) Regi Scotiae Thomam, exsulantem archiepiscopum Cantuariensem, com-
735 2579 2651 2645 mendat. Epist. S. Thomae ed. Lupus p. 89, ed. Giles II. 143, Migne 200 p. 506.
737 2634 1425 2700 — „Cum illius sincerissimae“.
687 2676 2653 2749 11430 (7643) Philippo, comiti Flandriae, Thomam, archiepiscopum Cantuariensem, com-
735 2742 2651 2809 mendat. Epist. S. Thomae ed. Lupus p. 85, ed. Giles II. 145, Migne 200 p. 507.
737 2791 1352 2866 — „Quanto sincerissimae“.
687 2844 2653 2921 11431 (7644) Henrico comiti Thomam, archiepiscopum Cantuariensem, commendat.
740 2906 2651 2970 Epist. S. Thomae ed. Lupus p. 90, ed. Giles II. 144, Migne 200 p. 507. — „Inter
733 2961 1124 3027 ceteras divinae“.
684 3007 2653 3091 11432 (7645) lohanni, decano Aurelianensi, Ricardum, capellanum Thomae, archiepi-
735 3074 2651 3135 scopi Cantuariensis, commendat. Epist. S. Thomae ed. Lupus p. 90, ed. Giles II. 88.
740 3131 1354 3191 — „Dilectus filius noster“.
689 3180 2651 3246 11433 (7646) Abbati de Claro-Marisco commendat Thomae, archiepiscopi Cantuariensis,
737 3235 2651 3297 sororem et eius liberos. Epist. S. Thomae ed. Lupus p. 91, ed. Giles II. 112, Migne
740 3292 1533 3354 200 p. 508. — „Super beneficiis“.
684 3339 2653 3409 11434 (7647) (Stephano), episcopo Meldensi, et abbati S. Crispini mandat, hortentur
737 3398 2649 3458 Henricum, Anglorum regem, ut Thomae, archiepiscopo Cantuariensi, „et ecclesiae
737 3447 2646 3546 suae reditus et honores et possessiones ablatas postposita mora restituat et restitui
2277 3509 2368 3606 27*
927 141 1851 231 ALEXANDER III. 1159—1181.
2527 143 2653 247 211
