3007 3975
296 150 421 249 212
841 302 1182 390 1165—1169.
927 364 2847 450 faciat“. Epist. S. Thomae ed. Lupus p. 177, ed. Giles II. 102, Migne 200 p. 508.
927 437 1646 507 — „Devotionis ac sinceritatis“.
881 490 2850 565 11435 (7648) Cisterciensi et Pontiniacensi abbatibus et universis Cisterciensis ordinis
927 554 2847 616 fratribus interdicit, ne „R. fratri, quoniam (Thomas) Cantuariensis archiepiscopus eum
930 607 2845 675 in Angliam pro negotiis ecclesiae destinaverit, poenam infligant“. Epist. S. Thomae
930 669 2845 722 ed. Lupus p. 141, ed. Giles II. 111, Migne 200 p. 509. — „Ad audientiam nostram“.
881 719 2845 781 11436 (7649) Thomae, archiepiscopo Cantuariensi, respondet, (Henrici) episcopi Win-
930 772 2845 834 toniensis, ab Henrico Anglorum rege vexati, abdicationem irritam esse. Epist. S. Tho-
932 830 2847 894 mae ed. Lupus p. 178, ed. Giles II. 10, Migne 200 p. 509. — „Curam et sollicitu-
925 883 1117 949 dinem“.
848 934 1184 1048 1167— 1169.
322 1033 545 1124 Sept. 10.
581 976 828 1236 —
881 1042 2850 1115 11437(7650) Abbati monachisque Vallis-laureae praecipit, ne archiepiscopo Tarraconensi,
934 1108 2850 1163 apostolicae sedis legato, neve episcopo Barcinonensi obediant, donec finium contro-
932 1157 2847 1216 versia disceptetur. Marca Marca Hisp. p. 1351, Aguirre Conc. V. 85, Mansi XXI.
934 1212 2847 1278 1064, Villanueva Viage litter. XX. 253, Migne 200 p. 509. — „Quoniam super iure“.
320 1232 543 1349 Oet. 5.
879 1265 2847 1329 11438 (7651) Quibusdam mandat, ut controversiam inter Ricc. et abbatem S. Petri de
658 1267 762 1355 „
936 1318 2850 1386 Montibus, Morandum quoque et filium eius Girardum disceptent. Martene Coll.
936 1371 2174 1444 II. 760, Migne 200 p. 510. — „Causam, quae inter“.
883 1422 2850 1492 11439 Canonicorum Lingonensium ecclesias quasdam confirmat, petente Galtero epi-
353 1419 543 1506 „ 9.
662 1428 757 1550 „
936 1488 2850 1552 scopo. In bibl. nat. Paris. Cartular. Lingonensi ms. lat. 17100. s. XVIII. f. 7, (Neues
934 1534 2076 1607 Archiv VII. 98). — „Iustis petentium desideriis“.
881 1594 2850 1662 11440 C. abbatissam S. Mariae Theodotae (Papiensem) confirmat electam, postquam
355 1548 543 1667 „ 9.
673 1583 748 1713 „
938 1645 2850 1711 „D. a dampnate memorie Octaviano maledictam“ G(aldinus) archiepiscopus Medio-
936 1704 2847 1766 lanensis, ap. sed. legatus, deposuit. In tabular. Mediol. Ex schedis Iafféi: „VII. id.
934 1757 2600 1830 Oct.“, (Wiener Sitzungsber. XCIV. 668: „VI. id. Oct.“). — „Ex litteris“.
881 1810 2850 1879 11441 Amaurum, Hierosolymorum regem, „consideratione gratissimae devotionis et mul-
360 1793 543 1896 „ 12.
669 1804 757 1912 „
936 1877 2850 1932 tiplicis obsequii, quod cives Ianuenses sibi in urgentis necessitatis articulo opportune
934 1927 2850 1983 satis et fideliter impenderint“, hortatur, ut litteras aureas, Ianuensium in regno
941 1976 2850 2047 Hierosolymitano iura et consuetudines continentes, in temploque repositas, quas deleri
934 2036 2850 2095 iusserit, restituat, „ne occasione ista“, inquit, „inter te et ipsos scandalum possit
934 2089 2850 2155 alicuius dissensionis emergere et tu eorum obsequium et devotionem amittas; quod
936 2146 2847 2208 tibi et regno tuo fore credimus valde damnosum“. Hist. Patr. Mon. Lib. iur. Gen.
936 2190 1663 2270 I. 228. — „Dilecti filii nostri“.
366 2234 547 2320 „ 13.
888 2250 2852 2323 11442 Amauro, patriarchae Hierosolymitano, archiepiscopis, episcopis, abbatibus regni
673 2256 751 2369 „
936 2301 2850 2371 Hierosolymitani, magistro templi mandat, hortentur Amaurum regem de lanuensium
943 2371 2852 2431 „litteris aureis reformandis et eorum iure et consuetudinibus conservandis“. Hist.
938 2420 2255 2475 Patr. Mon. Lib. iur. Gen. I. 229. — „Dilecti filii nostri“.
362 2440 547 2541 „ 28.
888 2462 2852 2535 11443 Monasterii S. Benigni Divionensis parochianos ad officia quotidiana vel ad cime-
676 2460 753 2544 „
936 2528 2850 2590 terium templariorum, infra terminos parochiae commorantium, admitti vetat, nisi
934 2579 2850 2643 habitum eorum assumpserint. Pflugk-Harttung Acta I. 241. — „Quoniam dilecti filii“.
364 2614 547 2707 „ 28.
885 2630 2852 2709 11444 G(ualtero) episcopo Lingonensi bullam tribuit. Neues Archiv VII. 98. — „Ad
671 2632 755 2747 „
934 2694 1281 2758 commissi tibi“.
329 2714 550 2831 Nov. 2.
890 2733 2854 2811 11445 (7653) Henrico, archiepiscopo Remensi, mandat, compellat clericum quemdam, ut
671 2729 762 2828 „
941 2806 2852 2859 quam „per violentiam laicalem “ occupaverit, praebendam ecclesiae S. Germani de
938 2848 2854 2928 Montibus B. clerico restituat. Martene Coll. II. 760, Migne 200 p. 511. — „Veniens
934 2906 1201 2974 ad nos B.“
892 2963 2850 3029 11446 (7654) Rogero abbati et fratribus monasterii de Ibreio asserit decimas de Doching,
362 2943 550 3043 „ 8.
667 2968 762 3093 „
938 3018 2850 3085 ab Henrico, episcopo Wintoniensi, et Gilberto Londiniensi iis adiudicatas. Gilberti
938 3076 2675 3133 Foliot epist. ed. Giles II. 107, Migne 200 p. 512. — „Venerabiles fratres“.
888 3131 2852 3193 11447 (7655) Henrico, archiepiscopo Remensi, mandat, compellat Giderum de Sarnai,
362 3115 545 3202 „ 9.
673 3124 766 3197 „
941 3186 2852 3248 ut occupatas ecclesiae Montis Falconis possessiones R(ichardo), electo Virdunensi,
941 3233 2852 3301 restituat. Martene Coll. II. 761, Bouquet Rec. XV. 869, Migne 200 p. 513. — „Et
941 3292 1296 3361 iniuncti nobis“.
366 3303 554 3531 „„
890 3341 2852 3409 11448 (7656) Henrico, archiepiscopo Remensi, mandat, ut Uldredi et lohannis pres-
660 3312 779 3575 „
945 3405 2852 3478 byterorum de ecclesia S. Mariae controversiam intra dies 15 decernat. Martene Coll.
945 3458 2271 3566 Ii. 764, Migue 200 p. 548. — „Sigwificat nobis dilectus“.
1111 147 2032 238 ALEXANDER III. 1159—1181.
