3007 3975
682 287 1025 368 1167—1169.
159 344 287 443 Nov.
421 340 665 505 Pererent
713 348 2686 437 11449 Canonicorum S. Wilfridi Riponensium possessiones quasdam confirmat. (Dat.:
766 421 2686 490 „13. Id. Nov.“) Memorials of Ripon I. 112, ubi perperam bulla Alexandro IV.
768 483 1758 543 ascribitur. — „Iustis petentium desideriis“.
194 510 377 605 „ 12.
501 523 592 602 „
720 536 2688 596 11450 (7657) Henrico, archiepiscopo Remensi, mandat, ut Mainerium presbyterum abla-
768 591 2688 662 tam Henrico paroeciam reddere cogat. Martene Coll. II. 762, Migne 200 p. 514.
768 644 1548 702 — „Lator praesentium Henricus“.
194 693 380 770 „ 17.
501 697 592 792 „
715 684 2686 761 11451 (7658) Henrico, archiepiscopo Remensi, mandat, compellat (Guidonem), episcopum
766 757 2686 819 Catalaunensem, ut P. sacerdoti ablatam ecclesiam restituat. Martene Coll. II. 763,
766 806 1800 878 Migne 200 p. 515. — „Ex conquestione P.“
192 852 380 927 „ 18.
499 806 594 945 „
720 856 2691 925 11452 (7659) Henrico, archiepiscopo Remensi, mandat, cogat S. Andreae de Castello
768 916 2688 982 et S. Sepulcri Cameracensis abbates et canonicos S. Gaugerici et Manassem de Rumi-
766 973 2686 1042 niaco, ut infirmis Cameracensibus ablatas decimas reddant. Martene Coll. II. 763,
766 1024 2406 1097 Bouquet Rec. XV. 869, Migne 200 p. 515. — „Etsi ofnes teneamur“.
198 1057 380 1152 „ 18.
503 1079 596 1205 „
718 1082 2691 1148 11453 (7660) S. Andreae de Castello et S. Sepulcri abbatibus et canonicis S. Gaugerici
766 1141 2688 1203 de superiore epistola significat. Martene Coll. II. 764, Migne 200 p. 516. — „Con-
766 1196 1206 1252 questi sunt nobis“.
194 1234 380 1327 „ 18.
499 1249 598 1313 „
715 1243 2688 1311 11454 *Inter Bertrandum, archiepiscopum Burdigalensem, apost. sedis legatum, et Ber-
768 1309 2691 1366 trandum abbatem S. Crucis factam super ecclesia Solacensi compositionem approbat.
766 1362 2302 1419 In bibl. nat. Paris. ms. lat. 13666. (Monast. Bened. IX.) fol. 154“.
196 1404 382 1481 „ 19.
503 1426 598 1484 „
718 1413 2691 1477 11455 (7661) Henrico, archiepiscopo Remensi, mandat, ut Aegidium presbyterum de
771 1468 2688 1532 Monte Hunoldi, Hu. militem de Warch., alios, cum abbate et fratribus ecclesiae
768 1528 2688 1585 S. Martini Laudunensis litigantes, ad B(artholomaeum) Bellovacensem et (Balduinum)
771 1578 2688 1640 Noviomensem episcopos in ius adire cogat. Martene Coll. II. 765, Bouquet Rec.
771 1629 2112 1702 XV. 869, Migne 200 p. 517. — „In causis religiosorum“.
196 1684 382 1764 „ 19.
505 1684 594 1773 „
715 1682 2691 1751 11456 (7662) Henricum, archiepiscopum Remensem, hortatur, ut R. diaconum „ad ali-
766 1737 2688 1821 quam ecclesiam intitulet“. Martene Coll. II. 766, Migne 200 p. 517. — „Veniens
766 1799 1034 1866 ad nos R.“
163 1835 380 1932 Dec. 1.
508 1839 596 1930 „
720 1846 2688 1919 11457 (7663) Parthenoni Fontebraldensi asserit „donum quinquaginta librarum reditus
768 1905 2688 1985 super castrum Divionense, ab Eudone duce Burgundiae concessum“. Vide Gall.
766 1965 1162 2022 Christ. II. 1319.
198 2011 380 2097 „ 3.
501 2011 592 2089 „
718 2009 2688 2080 11458 Archiepiscopos et episcopos aliosque ecclesiarum praelatos hortatur, ut fratres
768 2078 2688 2135 militiae templi Hierosolymitani ab iniuriis parochianorum tueantur, qui oblationes
771 2135 2688 2195 seu elemosinas eis concessas auferre vel retinere praesumant. Prutz Malteser Urk.
766 2188 1670 2254 p. 40. — „Quantum ad defendendam“.
201 2230 382 2314 „ 6.
503 2223 596 2309 „
718 2239 2691 2301 11459 (7664) Universos archiepiscopos, episcopos, abbates, priores et alios ecclesiarum
771 2294 2688 2362 praelatos de tuendo monasterio Rivipullensi hortatur. Marca Marca Hisp. p. 1350,
771 2343 2686 2415 Aguirre Conc. V. 85, Mansi XXI. 1064, Migne 200 p. 518. — „Discretionis vestrae“.
201 2376 384 2473 „ 6.
501 2389 600 2526 „
720 2404 2688 2468 11460 (7665) Henrico, archiepiscopo Remensi, iam iterum mandat, compellat B. comitem
771 2455 2688 2521 de Henou, ut Amelio de Albiniaco ablatum feodum reddat. Martene Coll. II. 766,
771 2510 2284 2572 Bouquet Rec. XV. 870, Migne 200 p. 519. — „Per alia scripta“.
198 2546 380 2634 „ 6.
508 2550 598 2634 „
722 2568 2688 2632 11461 (7666) Henrico, archiepiscopo Remensi, mandat, hortetur Iohannem de Machel-
768 2625 2688 2689 curt, ut conventionem cum Amelio factam exsequatur. Martene Coll. II. 767, Migne
773 2678 2315 2740 200 p. 519; vide infra ep. 11483. — „Controversiam, quae inter“.
198 2722 384 2806 „ 7.
503 2725 600 2859 „
720 2727 2691 2795 11462 Fulcrando, praeposito Magalonensi, scribit, diiudicasse se controversiam inter eum
771 2793 2691 2848 et (Iohannem) eiusdem civitatis episcopum, de electione archidiaconi, ordinatione
771 2848 2691 2908 ecclesiarum aliisque ortam. Mém. de la soc. de Montpellier V. 527. — „Ex iniuncte
768 2903 943 2956 nobis“.
198 2948 386 3029 „ 7.
501 2954 603 3078 „
720 2939 2691 3025 11463 (lohanni) episcopo Magalonensi idem significat. („IIII. Id. Dec.“ mutavi in
773 3009 2691 3074 „VII. Id. Dec.“; in duabus enim epistolis aut „IIII.“ aut „VII.“ legendum esse puto.)
773 3065 2251 3127 Mém. de la soc. de Montpellier V. 529. — „Ex iniuncte nobis“.
201 3102 384 3193 „ 7.
503 3122 598 3184 „
724 3115 2693 3177 11464 Guidoni S. Thomae, P. S. Mariae in Garda et R. S. Iohannis in Fontana sacer-
771 3164 2686 3235 dotibus mandat, ut plebi de Medicina obediant. Pflugk-Harttung Iter p. 268. —
775 3230 1175 3286 „Dignum est et“.
194 3270 386 3345 „ 8.
488 3272 598 3405 „
720 3270 2691 3343 11465 (7667) Henrico, archiepiscopo Remensi, mandat, nobilem virum Rainaldum de
775 3339 2688 3396 Roseto compellat, „ut Aegidio de Cimai dotalitium uxoris suae et cetera ablata resti-
775 3394 2688 3480 tuat“. Martene Coll. II. 767, Bouquet Rec. XV. 870, Migne 200 p. 520. — „Rediens
775 3442 1073 3537 lerosolymis“.
952 132 1877 229 ALEXANDER III. 1159—1181.
2560 139 2688 231 213
