3007 3975
282 143 404 245 214
826 304 1155 379 1167—1169.
296 318 514 510 „ „
558 366 802 514 peneventi.
852 359 2821 450 11466 Monasterii Rivipullensis honores, sine abbatis aut maiorum personarum assensu.
910 439 2823 501 vendi, dari vel pignori obligari vetat. In bibl. nat. Paris. Coll. Baluze t. 107. f. 200.
908 494 1467 560 — „Sicut officii nostri“.
859 541 2823 613 11467 (7668) Henrico, archiepiscopo Remensi, mandat, ut excommunicationem a (Gui-
331 521 519 655 „ 10.
640 532 729 680 „
910 598 2823 666 done), episcopo Catalaunensi, prolatam in Rolandum dissolvat, eiusdemque cum Ebruino
905 651 2819 728 litem decernat. Martene Coll. II. 768, Migne 200 p. 520. — „Latore praesentium“.
857 713 2823 775 11468 (7669) (Iohanni), episcopo Magalonensi, concedit, „ut si aliquis adversus prae-
333 697 517 839 „ 11.
638 686 726 852 „
908 770 2823 832 positum, vel capitulum, seu quemlibet canonicum ecclesiae eius civilem causam
908 823 2823 883 habuerit, ad discretionis eius examen referatur, coram eo tractetur et definiatur; si
908 881 2823 940 vero de criminali quaestio mota fuerit, coram eis et capitulo ventiletur et debitum
908 931 2821 998 sortiatur effectum“. Alia privilegia addit. In bibl. nat. Paris. ms. lat. 14688. f. 6“,
910 991 2823 1046 (Gariel Ser. I. 217, Migne 200 p. 521, ubi verba: „pontif. nostri a. 8“ aliena manu
910 1048 2529 1101 addita sunt). — „Fratres et coepiscopos nostros“ („Volentes tibi ius“).
331 1048 517 1159 „ 11.
855 1086 2823 1159 11469 Monasterio Tironiensi concessa ab Alano, filio quondam lordani, Dolensis sene-
634 1088 729 1170 „
910 1143 2821 1214 scalci, locum et ecclesiam de Troncheto aliaque confirmat, petente Stephano abbate.
908 1210 2713 1265 Merlet Cart. de la Ste-Trin. de Tiron II. 90. — „Summi apostolatus officium“.
331 1232 517 1331 „ 12.
857 1252 2823 1325 11470 F(aramundum) episcopum, consules, clerum populumque Verulanum propter ob-
642 1241 724 1419 „
908 1318 2821 1378 sequium (Vitellio) diacono card. SS. Sergii et Bachi impensum laudat rogatque, ut
908 1375 2821 1442 eum, in Campaniam remissum, adiuvent. Pflugk-Harttung Acta II. 369. — „Licet
905 1424 1210 1492 in omnibus“.
331 1459 519 1543 „ 13.
857 1468 2823 1554 11471 F(ulcrando) praeposito et canonicis Magalonensibus de prioribus in eorum ecclesiis
642 1477 726 1601 „
908 1532 2821 1598 instituendis, de sigillo capituli aliisque scribit. Ceteras causas inter eos et (lohan-
908 1590 2821 1656 nem) episcopum Magalonensem (Pontio) archiepiscopo Narbonensi terminandas se
905 1645 2819 1709 commisisse. Mém. de la soc. de Montpellier V. 529. — „Cum nuntii venerabilis“.
329 1667 517 1821 „ 14.
857 1696 2821 1766 11472 Concordiam inter capitulum Aurelianense et Rainaldum de Craciaco, mediante
636 1673 731 1828 „
908 1757 2812 1821 P(etro) archiepiscopo Bituricensi, factam confirmat. Loewenfeld Epistolae p. 139. —
908 1815 1325 1879 „Iniunctae nobis“.
331 1846 517 1921 „ 14.
855 1859 2823 1930 11473 (7670) lohanni, episcopo Magalonensi, concedit, „ut ecclesia cum hospitali, noviter
640 1828 729 1938 „
905 1921 2821 1983 in Silva Galteri constructa, pure et absolute in eius dispositione consistat“. (Per-
908 1983 2819 2044 peram additum est „pont. nostri a. 8“.) Gariel Ser. I. 216, Migne 200 p. 522,
905 2025 2244 2093 cf. Pflugk-Harttung Iter p. 82. — „Ad conservanda iura“.
335 2069 519 2153 „ 16.
855 2080 2819 2153 11474 (7671) Henrico, archiepiscopo Remensi, monasterium S. Dionysii commendat.
636 2071 733 2212 „
908 2139 2819 2208 Martene Coll. II. 769, Bouquet Rec. XV. 871, Migne 200 p. 522. — „Pontificalis
903 2197 1281 2263 officii debitum“.
331 2223 517 2307 „ 19.
857 2243 2819 2314 11475 (7672) Henrico, archiepiscopo Remensi, de disceptanda lohannis et Uldredi pres-
638 2214 733 2320 „
905 2305 2819 2371 byterorum controversia mandat. Martene Coll. II. 769, Migne 200 p. 523. — „Sug-
905 2356 1378 2429 gerente olim nobis“.
331 2398 517 2471 „ 21.
855 2409 2816 2482 11476 Canonicis Magalonensibus praecipit, ut (Fulcrando) ecclesiae praeposito obediant
636 2407 724 2528 „
905 2468 2816 2532 eique super temporalium administrationibus respondeant. Mém. de la soc. de Mont-
905 2528 1745 2592 pellier V. 533. — „Dignum est et“.
333 2546 512 2643 „ 23.
855 2574 2816 2647 11477 (7673) G(erardo) archiepiscopo Spalatino, legato apostolico, mandat, ut a Sebe-
640 2559 726 2694 „
905 2630 2816 2696 nicensibus ablata Guoffrido, Bonumiri Sipontini filio, bona restitui cogat. Farlati
905 2691 2816 2758 III. sacr. III. 190, Mon. Hung. hist. I. XI. 116, Migne 200 p. 524. Cf. etiam supra
903 2742 1824 2802 epist. 11361. — „E transmissa dilecti“.
329 2786 514 2870 „ 23.
855 2791 2816 2864 11478 (7674) Henrico, archiepiscopo Remensi, mandat, compellat ducem de Louvain,
634 2789 735 2923 „
908 2855 2816 2917 ut fratribus hospitalis Hierosolymitani ablatam villam Benten restituat. Martene
901 2899 2814 2976 Coll. II. 771, Bouquet Rec. XV. 871, Migne 200 p. 524. — „Querelam fratrum
901 2959 1164 3032 hospitalis“.
331 3001 514 3089 „ 23.
855 3003 2814 3082 11479 Controversiam inter ecclesiam S. Stephani Divionensem et milites templi, qui
634 3005 726 3127 „
905 3071 2814 3135 in eorum fundo oratorium construxerant, diiudicat. Fyot Hist. de St.-Etienne de
901 3120 1893 3195 Diion Pr. p. 300. — „Vobis coram nobis“.
852 3175 2812 3244 11480 (7793) Iudicibus Velitrensibus praecipit, ut „cum aliqua causa super testamentis,
335 3175 375 3263 „
638 3173 726 3263 „
901 3235 2812 3299 ecclesiae relictis, ad eorum fuerit examen deducta, eam non secundum leges, sed
903 3292 2812 3354 secundum decretorum statuta tractent, et tribus aut duobus legitimis testibus sint
903 3343 2812 3416 contenti“. (In Append. conc. Later. haec epistola ad primum registri librum per-
908 3392 2810 3469 peram refertur.) Borgia Ist. di Velletri p. 240: „kal. Ian.“, App. conc. Lat. L. 8,
901 3456 2810 3559 Comp. I. I. 3. t. 22. c. 10. Decr. Greg. I. III. t. 26. c. 11. Numerum vero ante
1089 143 2014 236 ALEXANDER III. 1159—1181.
