3007 3975
676 298 1014 384 1167—1169.
762 357 2680 454 „kal. lan.“ positum fuisse, ex autographo docet Pflugle-Harttung lter p. 161. — „Re.
757 443 1215 505 latum est auribus“.
673 501 1016 602 1168— 1169.
410 569 653 680 Benerenti
704 591 2677 662 11481 A D(esiderio) praeposito et canonicis Insulensibus factam institutionem, ut sacer-
148 580 373 675 lan. 13.
757 662 2677 724 dos quidam pro una praebenda ei collata missam de S. Maria quoque die celebret,
757 715 2359 772 confirmat. Pflugk-Harttung Acta I. 241. — „Significatum est nobis“.
709 761 2677 836 11482 (7821) Thomae, archiepiscopo Cantuariensi, mandat, ut Owen, principem Walliae,
150 766 368 843 Febr. 24.
497 770 581 845 „
760 825 2677 889 qui suas „de consobrina, quam sicut uxorem tenere dicatur“, litteras non acceperit,
757 876 2677 940 et archidiaconum Bangor, qui scripta sua contempserit, ecclesiastica severitate puniat.
757 927 2680 995 Epist. S. Thomae ed. Giles II. 36, Haddan and Stubbs Councils I. 371, Migne 200
760 989 1734 1053 p. 633. — „Ad aures nostras pervenisse“.
713 1042 2680 1104 11483 (7676) Henricum, archiepiscopum Remensem, hortatur, ne Iohanni de Malecicurt
187 1026 371 1110 „ 28.
494 998 585 1115 „
762 1101 2680 1163 communionem reddat, donec Amelio de Albiniaco satisfecerit. Martene Coll. II. 786,
757 1146 2346 1212 Migne 200 p. 525; vide supra ep. 11461. — „Ex relatione Amelii“.
709 1205 2680 1272 11484 (7677) Henricum, archiepiscopum Remensem, hortatur, ut Petro olim Iudaeo
154 1196 371 1289 Mart. 7.
488 1205 587 1333 „
757 1265 2682 1325 ablatam praebendam restituat. Martene Coll. II. 786, Migne 200 p. 526. — „Veniens
766 1322 1135 1373 ad nos Petrus“.
711 1369 2677 1433 11485 (7680) Henrico, archiepiscopo Remensi, respondet, hortetur Drogonem, canonicum
187 1347 368 1446 „ 9.
488 1364 589 1453 „
757 1428 2680 1490 Hamensem, ut in monasterium revertatur; „licet enim“ inquit „regulares viros ad
762 1484 2682 1552 praelationes ecclesiasticas assumtos fuisse persaepe viderimus, numquam tamen legimus
764 1541 2677 1598 vel aliquando audivimus, quod de regulari canonico quisquam fuerit secularis effectus“.
764 1594 2680 1660 Martene Coll. II. 791, Migne 200 p. 528: „II. id. Mart.“, Marlot Metr. Rem. II. 396,
757 1649 2680 1707 Colliette Mém. du Vermand. II. 416, Bouquet Rec. XV. 859: „VII. id. Mart.“, id
760 1700 2680 1768 quod etiam legitur in chartul. cap. Noviom. in Arch. dép. de I'Oise in Beauvais, ut
757 1757 2680 1819 cum Iafféo communicavit Delisle. Fortasse vero sunt duo eiusdem epistolae exempla,
760 1813 2680 1877 quorum alterum ad 9. Mart., alterum ad 14. Mart. pertinet; vide infra. — „Devo-
757 1870 1259 1934 tionis et sinceritatis“.
711 1912 2684 1991 11486 Drogonem, canonicum Hamensem, in monasterium redire iubet. Ex chartul.
192 1901 373 1996 „ 9.
490 1888 585 2047 „
757 1976 2459 2040 capit. Noviom. fol. 60 in Arch. dép. de l'Oise in Beauvais. Misit Delisle.
715 2031 2682 2097 11487 Decano et canonicis Noviomensibus de Drogone, canonico Hamensi, scribit. Ex
187 2027 373 2115 „ 9.
492 2029 587 2100 „
760 2086 2680 2148 chartul. capit. Noviom. fol. 59 in Arch. dép. de I'Oise in Beauvais. Misit Delisle.
762 2144 1407 2210 — „Karissimus in Christo“.
713 2197 2684 2267 11488 Monasterio S. Aegidii concessa a praedecessoribus suis privilegia confirmat.
196 2197 373 2279 „ 10.
492 2197 592 2301 „
764 2248 2682 2312 Addit, ut si quando comes Tolosanus aut terra eius interdicta fuerit, nulla eccle-
760 2307 2682 2369 siarum villae S. Aegidii a divinis officiis desistat, nisi forte comes vel milites eius
757 2354 2476 2424 praesentes fuerint. Goiffon Bull. de St.-Gilles p. 79. — „Dum diligenter“.
711 2418 2680 2479 11489 (7678) Geraldo episcopo et consulibus et universo clero ac populo Tolosano signi-
192 2420 373 2493 „ 12.
488 2415 592 2493 „
760 2475 2682 2532 ficat, se, Ludovici Francorum regis precibus motum, Tolosam urbem ab interdicto
757 2526 2682 2590 liberasse. Catel Mém. du Languedoc p. 886, Bouquet Rec. XV. 860, Migne 200
760 2572 1391 2650 p. 526. — „Dum fidei et“.
711 2630 2684 2703 11490 (7679) Henrico, archiepiscopo Remensi, mandat, iudicet inter militem quemdam et
192 2608 377 2705 „ 12.
494 2614 587 2707 „
760 2689 2680 2758 Hugonem servientem. Martene Coll. II. 788, Migne 200 p. 527. — „Significatum est nobis“.
713 2749 2680 2813 11491 (7681) Henrico, archiepiscopo Remensi, mandat, compellat W. de Carten., ut
192 2738 373 2822 „ 14.
497 2744 594 2842 „
757 2793 2675 2862 G. sacerdoti solidos 75 persolvat. Martene Coll. II. 791, Migne 200 p. 528. —
764 2855 1310 2921 „Conquestus est nobis“.
711 2908 2682 2974 11492 Decano et canonicis Noviomensibus iterum de Drogone, canonico Hamensi, scribit.
194 2903 380 2992 „ 14.
490 2908 594 2985 „
764 2963 2682 3034 Ex chartul. capit. Noviom. fol. 173 in Arch. dép. de TOise in Beauvais. Misit
762 3021 1586 3087 Delisle. — „Karissimus in Christo“.
715 3076 2684 3133 11493 Decanum et canonicos Noviomenses denuo de Drogone, canonico Hamensi, hor-
194 3069 375 3153 „ 15.
497 3074 598 3164 „
764 3131 2682 3195 tatur. Ex chartul. capit. Noviom. f. 173 in Arch. dép. de lOise in Beauvais. Misit
764 3184 1416 3252 Delisle. — „Sicut per alia“.
713 3228 2680 3301 11494 (7683) Henrico, archiepiscopo Remensi, mandat, ne lohannem clericum et eccle-
196 3228 377 3321 „ 15.
490 3248 598 3321 „
766 3294 2680 3358 siae Laudunensis canonicum privari hereditate patiatur. Martene Coll. II. 792,
766 3341 1716 3418 Migne 200 p. 529. — „Nihil est, quod“.
715 3398 2682 3462 11495 (7684) Henricum, archiepiscopum Remensem, hortatur, ut HIa. sacerdoti bene-
198 3398 380 3502 „ 17.
479 3334 598 3502 „
766 3460 2677 3562 ficium impertiat. Martene Coll. II. 792. Migne 200 p. 629. — „Neniens ad nos H“.
943 143 1871 245 ALEXANDER III. 1159—1181.
2547 150 2680 242 215
