3007 3975
318 176 446 260 216
861 318 1195 399 1168—1169.
338 366 572 503 Nart 17.
589 359 837 505 Beneventi
894 375 2863 457 11496 (7685) (Miloni) episcopo Morinensi et abbati S. Qaintini de Monte, mandat, ut
945 446 2863 514 R(icardo) S. Nicolai de Ribomonte et P. Humolariensem abbatem et abbatissam de
952 512 2858 576 Monasteriolo et G. militem de Brenoth in gratiam reconciliet. Martene Coll. II. 793,
947 560 1972 631 Migne 200 p. 530. — „Cum inter dilectos“.
899 616 2863 680 11497 (7686) Henrico, archiepiscopo Remensi, mandat, hortetur E. sacerdotem de Monte
375 587 554 691 „ 20.
684 611 762 695 „
952 669 2863 737 Bunoldi et Hu. de Warch et G. de Chamelsi, cum fratribus S. Martini (Laudunensis)
943 719 2863 790 litigantes, ut (Roberti) Ambianensis et (Balduini) Noviomensis episcoporum iudicium
947 781 2761 841 subeant. Martene Coll. II. 795, Migne 200 p. 531. — „Ex parte dilectorum“.
901 843 2865 901 11498 Hugoni abbati et fratribus S. Vincentii Silvanectensibus asserit possessiones
373 828 556 905 „ 21.
684 828 766 914 „
950 894 2865 954 quasdam, a b. m. Hu(gone) archiepiscopo Rotomagensi et Rob(erto) quondam epi-
950 947 2865 1009 scopo Atrebatensi donatas. In bibl. nat. Paris. Coll. Moreau t. 75. f. 88. — „Iustis
945 1002 1442 1060 petentium desideriis“.
899 1053 2865 1117 11499 (7687) Henrico, archiepiscopo Remensi, mandat, ut Willelmo, decano Suessio-
373 1026 561 1121 „ 22.
680 1009 771 1132 „
952 1115 2865 1181 nensi, praebendam quandam, vel invito Hugone episcopo, assignet. Martene Coll.
950 1166 2786 1225 II. 795, Bouquet Rec. XV. 874, Migne 200 p. 531. — „Dilectus filius noster“.
899 1214 2865 1285 11500 (7688) (Hugonem), episcopum Suessionensem, de superiore epistola certiorem
673 1210 782 1375 („
349 1177 455 1351 („)
952 1276 2867 1340 facit. Martene Coll. II. 796, Bouquet Rec. XV. 874, Migne 200 p. 532. — „Ex
950 1331 1352 1397 relatione dilecti“.
903 1378 2867 1448 11501 (7689) Henrico, archiepiscopo Remensi, mandat, compellat presbyterum de Ba-
375 1360 558 1468 „ 22.
680 1371 779 1455 „
950 1433 2867 1503 sauchis et Castellana ac filium eius Nicolaum, ut Alberto sacerdoti „de iniuriis irro-
950 1499 2865 1567 gatis satisfaciant, et illata damna resarciant“. Martene Coll. II. 797, Migne 200
950 1543 1911 1612 p. 532. — „Lator praesentium Albertus“.
903 1607 2867 1667 11502 (7690) Alberto sacerdoti ecclesiam S. Remigii de Augeio cum capella de Cer-
371 1578 556 1678 „ 22.
682 1601 771 1715 „
950 1656 2867 1726 solio asserit. Martene Coll. II. 798, Migne 200 p. 533. — „Iustis petentium desi-
952 1718 1129 1775 deriis“.
899 1764 2870 1830 11503 (7691) Henrico, archiepiscopo Remensi, mandat, hortetur abbatem et fratres
380 1762 561 1848 „ 23.
680 1764 779 1916 „
954 1830 2870 1892 Branenses, ut B. presbytero libras 20 Proviniensium restituant. Martene Coll. II. 799,
952 1883 2023 1945 Migne 200 p. 533. — „Conquestus est nobis“.
903 1932 2872 1998 11504 L(ohanni) abbati et fratribus S. Iohannis de Vineis Suessionensis indulget, „ne
377 1912 558 2016 „ 23.
687 1899 784 2053 „
956 1996 2872 2055 quis parochianos eorum ad sepulturam recipiat, nisi salva iustitia illarum ecclesiarum,
952 2049 2872 2104 de quibus mortuorum corpora assumantur“. Chartul. S. Iohannis de Vineis s. XIII.
954 2097 2529 2161 ms. lat. 11004. f. 12 in bibl. nat. Paris. — „Quoniam ex iniuncto“.
905 2144 2872 2217 11505 (7692) Henrico, archiepiscopo Remensi, mandat, cogat G. et eius servientes, ut
382 2139 563 2226 „ 23.
689 2157 777 2239 „
952 2210 2872 2276 ecclesiam S. Iohannis de Vineis vexare desinant. Martene Coll. II. 799, Migne 200
952 2263 1824 2320 p. 534. — „Ad audientiam nostram“.
905 2309 2872 2387 11506 (7693) Henrico, archiepiscopo Remensi, mandat, compellat canonicos de Monte,
382 2301 567 2398 „ 28.
687 2303 775 2433 „
958 2376 2872 2435 ut Her. latori huius epistolae ablata restituat. Martene Coll. II. 800, Migne 200
956 2424 1824 2491 p. 534. — „Lator praesentium Her.“.
908 2482 2872 2548 11507 (Guillelmo) episcopo Maurianensi praeposituram ecclesiae S. Iohannis asserit.
386 2471 565 2550 „ 29.
682 2473 779 2614 „
961 2528 2874 2601 Mém. de l'ac. imp. de Savoie, Docum. II. 27, teste Chevalier Doc. inéd. rel. au Dau-
956 2594 1928 2652 phiné II. livr. III. 194 inter additamenta.
910 2641 2874 2711 11508 (7694) Henrico, archiepiscopo Remensi, mandat, ne decanum et canonicos Sues-
380 2608 567 2720 „ 31.
684 2619 786 2720 „
958 2705 2874 2764 sionenses, quoniam sedem apostolicam adierint, ab (Hugone) episcopo affici iniuriis
958 2751 2874 2826 sinat. Martene Coll. II. 800, Bouquet Rec. XV. 875, Migne 200 p. 535. — „Cum
958 2815 1274 2877 universis in“.
908 2862 2874 2930 11509 (7695) Henrico, archiepiscopo Remensi, mandat, ut R. praecentori ecclesiae Sues-
386 2855 570 2941 „ 31.
693 2870 786 2990 „
958 2926 2874 2985 sionensis altare, quod (Hugo) episcopus ei abstulerit, reddat. Martene Coll. II. 801,
961 2970 2545 3034 Bouquet Rec. XV. 875, Migne 200 p. 535. — „Cum dilectus filius“.
910 3018 2874 3096 11510 (7696) Henrico, archiepiscopo Remensi, mandat, compellat Iosbertum de Monte
388 3005 567 3113 „ 31.
695 3038 790 3144 „
961 3076 2872 3151 et Petrum de Nantolio, ut erepta Radulpho de Cuphies restituant. Martene Coll.
963 3146 2311 3202 II. 802, Migne 200 p. 536. — „Conquestionem Radulphi“.
912 3193 2874 3257 11511 (7697) Abbatissae et sororibus Burburgensibus addicit capellaniam, Manassi pres-
391 3180 572 3274 „ 31.
689 3195 782 3270 „
961 3252 2874 3316 bytero abiudicatam. Martene Coll. II. 802, Migne 200 p. 537. — „Cum dilectus
963 3303 1124 3369 filius“.
914 3343 2874 3420 11512 (7698) Henrico, archiepiscopo Remensi, mandat, hortetur abbatem fratresque
382 3345 576 3551 „
682 3363 786 3579 „
961 3409 2872 3478 Praemonstratenses, ut nobili viro A. de Villers ablatos agros restituant. Martene
963 3473 2341 3575 Coll. II. 805. Migme 200 p. 537. — „Ex tramsmissa nobis“.
1126 159 2050 253 ALEXANDER III. 1159— 1181.
