3007 3975
649 295 994 384 1168—1169.
386 359 629 474 Beneventi
684 359 2651 450 11513 (Stephano) episcopo Meldensi mandat, moneat Hu. de Valleogrinosa et Simonem
134 357 353 474 Apr. 1.
733 441 2651 501 militem, ne monasterium Latiniacense super villa quadam et redditibus quibusdam
731 499 2439 558 iniuriis afficiant. Loewenfeld Epistolae p. 139. — „Dilectus filius noster“.
684 547 2651 616 11514 (7699) Henrico, archiepiscopo Remensi, mandat, moneat canonicos Laudunenses,
165 545 346 620 „ 3.
468 554 563 620 „
735 607 2651 673 ut P. canonico „expensas necessarias, quas de mandato eorum ad sedem apostolicam
735 662 2653 726 veniendo fecerit, restaurent“. Martene Coll. II. 805, Migne 200 p. 537. — „Aequum
735 719 1091 775 et rationabile“.
684 764 2651 843 11515 (7700) Statuit, „ut qui in ecclesia Carnotensi de cetero canonicandi fuerint et
163 764 346 863 „ 4.
472 766 561 867 „
735 825 2651 885 ibidem mansionarii non extiterint, XL solidos tantum de singulis annis percipiant“.
740 878 2653 947 Theodori Poenitentiale II. 429, Lépinois et Merlet Cartul. I. 177, Migne 200 p. 538.
737 938 1215 1007 — „Sicut scriptum“.
687 982 2653 1057 11516 (7701) Canonicis Spalatinis permittit, ut canonicus quidam, ecclesia propria pri-
165 980 349 1082 „ 5.
470 934 561 1077 „
737 1044 2651 1110 vatus quod propter capitis dolorem in ecclesia semel non legisset, in pristinum resti-
731 1095 2651 1161 tuatur. Farlati III. sacr. III. 191, Mon. Hung. hist. I. XI. 118. — „Litteras, quas“.
687 1152 2649 1221 11517 Monasterii Quadragintensis, „propter gravissimam persecutionem basculorum et
156 1084 342 1232 „ „
470 1157 556 1232 „
735 1207 2646 1276 brabantionum vehementer attriti“, possessiones pignori supponi vel quolibet titulo,
731 1265 2649 1329 nisi meliorandi causa, alienari vetat. Loewenfeld Epistolae p. 140. — „Cura et
729 1318 1005 1386 sollicitudo“
682 1371 2651 1439 11518 (7702) Henrico, archiepiscopo Remensi, mandat, compellat Gauses Mauceriensem
159 1318 344 1450 „ „.
470 1371 556 1472 „
733 1424 2649 1492 et monachos de Novicis, ne canonicis Braguensibus reditum de March auferant.
731 1486 2348 1552 Martene Coll. II. 806, Migne 200 p. 538. — „Notum sit fraternitati“.
682 1530 2651 1603 11519 (7703) Abbatem S. Remigii Remensem hortatur, ut Walando clerico „in scholis
156 1534 342 1612 „ 7.
468 1537 545 1607 „
731 1594 2651 1658 Parisius liberaliter et honeste provideat et beneficium ipsum per duo convenientia
733 1654 2646 1718 tempora anni ei faciat commode assignari“. Martene Coll. II. 807, Bouquet Rec.
733 1698 1891 1764 XV. 861, Migne 200 p. 539. — „Invitat nos et“.
680 1757 2646 1826 11520 (7704) Henrico, archiepiscopo Remensi, mandat, ut abbatissam Burburgensem
163 1713 344 1835 „ 11.
466 1700 561 1850 „
733 1817 2651 1877 „canonica disciplina corripiat, quod iuvenes capellanos affectat habere“. Martene
731 1870 2123 1941 Coll. II. 807, Migne 200 p. 539. — „Venit ad apostolicae“.
682 1914 2651 1989 11521 (7705) Henrico, archiepiscopo Remensi, mandat, compellat decanum S. Laurentii
161 1901 344 2000 „ 11.
463 1901 567 2036 „
733 1987 2651 2044 de Roseto, „ut assiduam in ecclesia faciat mansionem, vel decanatum omnino dimittat“.
731 2031 2355 2095 Martene Coll. II. 808, Migne 200 p. 540. — „Significatum est nobis“.
165 2089 342 2164 „ 11.
680 2078 2651 2161 11522 Guillelmo, episcopo Carnotensi, ecclesiam S. Mauritii asserit. Lépinois et Merlet
468 2084 558 2166 „
731 2146 2200 2206 Cartul. de N.-D. de Chartres I. 178. — „Ex tenore litterarum“.
680 2192 2649 2267 11523 In paroeciis ecclesiarum monasterii S. Germani de Pratis Parisiensis oratoria,
161 2188 344 2274 „ 12.
463 2214 563 2279 „
731 2259 2651 2318 capellas, ecclesias, coemeteria iniussu episcopi dioecesani monachorumque fieri vetat.
731 2307 2651 2376 Ex chartular. S. Germ. de Pr. s. XII. LL. 1024. f. 13 in tabul. nat. Paris. Misit
731 2367 1303 2433 Delisle. — „Cum illius“.
163 2376 342 2495 „ 12.
682 2407 2651 2497 11524 (7706) Petro abbati et fratribus Vallis-laureae permittit, si ante festum assum-
466 2413 567 2499 „
733 2468 2653 2541 ptionis (15. Aug.) archiepiscopi Tarraconensis et episcopi Barcinonensis de finibus
735 2537 2653 2592 controversia non dirimatur, in fundum ab episcopo Barcinonensi oblatum transmigrent.
740 2579 2653 2652 Marca Marca Hisp. p. 1351, Aguirre Conc. V. 85, Mansi XXI. 1063, Villanueva
737 2638 2264 2698 Viage litter. XX. 252, Migne 200 p. 540. — „Ex litteris dilecti“.
165 2687 344 2773 „ 12.
684 2680 2651 2758 11525 (7707) Henrico, archiepiscopo Remensi, mandat, ut aut inter abbatem S. Petri
466 2691 563 2778 „
733 2744 2651 2811 Catalaunensis et Walterum clericum iudicium intra dies 30 faciat, aut episcopi
737 2797 2653 2870 Ambianensis arbitrio causam permittat. Martene Coll. II. 808, Migne 200 p. 541.
737 2862 1394 2926 — „Ex tenore quarumdam“.
167 2868 346 2985 „ 23.
689 2901 2653 2981 11526 (7708) Henrico, archiepiscopo Remensi, mandat, compellat Hu. burgensem et
468 2903 565 3047 „
742 2972 2649 3036 M. uxorem eius, ut G. clerico ablatam domum reddant. Martene Coll. II. 809,
740 3021 1619 3091 Migne 200 p. 541. — „Querelam G.“
687 3071 2653 3142 11527 (7152) W(altero) episcopo Albanensi, vicario suo, (al. archiepiscopo Bituricensi)
167 3054 346 3142 „ 28.
463 3069 558 3146 „
737 3127 2653 3195 scribit de poenitentia N. clerico iniungenda, ac de „adolescente, qui mulierem cogno-
740 3191 2653 3255 verit et filiam eius post sibi copulaverit“. (In App. conc. Lat. haec epistola per-
740 3241 2653 3308 peram ad Registri libr. II. refertur. Diem locumque ex cod. Friburgensi praebet
740 3299 2651 3358 Friedberg.) App. conc. Lat. L. 3. 4, Coll. Cass. XXIV. 6, Comp. I. L. 1. t. 6. c. 5,
740 3341 2653 3411 L. 4. t. 13. c. 4, Decr. Greg. L. I. t. 11. c. 4, Migne 200 p. 97. — „Ex tuarum
737 3400 2556 3467 litterarum“ „Ex tenore tuarum“ „De adolescente, qui“ „De illo, qui mulierem“.
178 3449 351 3522 „ 29.
687 3449 2653 3577 1352847709) Henricum, arebiepiscepum Remensem, constituit fudicem iuter G. Siclinensi-
165 3502 724 3599 Regerts Sont. Ronan. Bd. sec. II.
2311 3506 2379 3608 2.
921 145 1844 240 ALEXANDER III. 1159—1181.
2525 147 2651 249 217
