3007 3975
326 185 452 273 218
872 340 1206 424 1168 — 1169.
954 393 2872 488 ecclesiae canonicum et Galterium magistrum. Martene Coll. II. 809, Migne 200
956 470 1734 536 p. 542. — „Causam, quae inter“.
905 523 2874 585 11529 (7710) (Roberto) Ambianensi et (Stephano) Meldensi episcopis mandat, ut
605 510 850 647 peneventi
351 510 572 594 Apr. 30.
963 578 2874 642 Henrici, filii Roberti comitis, fratris Ludovici Francorum regis, et Bald. canonici de
961 636 2872 702 Noviomensis ecclesiae cancellaria controversiam decernat. Martene Coll. II. 810,
963 689 2507 757 Bouquet Rec. XV. 861, Migne 200 p. 542. — „Ex parte Henrici“.
351 737 570 870 Nai. 1o.
908 748 2874 806 11530 (7711) Monasterii S. Benedicti super Padum privilegia quaedam confirmat. Cor-
689 744 784 856 „
958 801 2870 870 nelii Eccl. Ven. X. Iv. 203, Speronio Ser. Adr. ep. p. 76, (Gloria Cod. dipl. Padov.
958 845 1716 912 II. 169). — „Sicut ex quodam“.
912 909 2874 973 11531 Sententiam inter monasterium S. Petri de Villa-nova et Ugonem, archipresbyterum
388 896 567 1000 „ 10.
695 898 784 1007 „
958 958 2872 1035 S. Bonifatii, latam a P(etro) Castellanensi ac G(erardo) Paduano episcopis et R(ainerio)
956 1022 2872 1084 abbate S. Benedicti super Padum, confirmat. Wiener Sitzungsber. XCIV. 669, Pflugke-
958 1068 1970 1141 Harttung Iter p. 268. — „Cum pro causa“.
912 1128 2874 1190 11532 (7712) Henrico, archiepiscopo Remensi, mandat de investigandis puniendisque
382 1117 567 1203 „ 11.
693 1126 777 1238 „
961 1185 2872 1252 iis, qui Garini Blanci in Apuliam profecti „domum de nocte intrantes uxorem et
958 1232 2872 1302 filium eius occiderint, et res ipsius et uxoris clam rapientes, domum incendio con-
958 1289 2867 1360 cremarint“. Martene Coll. II. 810, Migne 200 p. 543. — „Horrendum et immensum“.
910 1353 2872 1408 11533 (Martino) abbati et fratribus S. Vedasti concedit, ne quis in eorum fundo eccle-
384 1331 567 1424 „ 13.
693 1349 782 1457 „
961 1408 2874 1472 siam construere praesumat. De capellanis addit. Guimann Cart. de S.-Vaast d'Arras
958 1453 1849 1525 p. 86 et 158. — „Ad commodum et“.
908 1503 2870 1578 11534 (Adelbertum) Nemausensem et (Bernardum) Biterrensem ac abbatem S. Aegidii
384 1495 567 1590 „ 16.
695 1488 775 1623 „
961 1574 2870 1636 iudices constituit inter (Fulcrandum) praepositum et priorem ecclesiae Magalonensis,
958 1625 2872 1691 de loci iurisdictione litigantes. Mém. de la soc. de Montpellier V. 533. — „Causam
956 1671 1241 1744 quae inter“.
908 1720 2874 1797 11535 (lohanni) episcopo Magalonensi interdicit, ne ecclesiae suae praepositum excom-
386 1724 567 1804 „ 16.
693 1740 775 1848 „
958 1786 2874 1850 municare audeat, neu impediat sacristam Magalonensem, in ecclesia S. Mariae de
963 1846 2870 1910 Villanova chorum et antechorum cum volta aedificare volentem. Mém. de la soc.
956 1888 2063 1965 de Montpellier V. 524. — „Devotionis et fidei“.
908 1945 2874 2022 11536 F(ulcrando) praeposito et canonicis Magalonensibus de prioribus et dispensato-
382 1927 570 2067 „ 16.
691 1919 779 2027 „
958 2000 2874 2071 ribus in eorum ecclesiis instituendis, de sigillo capituli aliisque scribit. Ceteras
956 2055 2874 2122 causas inter eos et (Iohannem) episcopum Magalonensem terminandas se commisisse
956 2113 2874 2181 (Adelberto) Nemausensi et (Bernardo) Biterrensi episcopis ac abbati S. Aegidii. (Pro
963 2166 2872 2243 „XVIII. kal. Iun.“ leg. „XVII. kal. Iun.“.) Mém. de la soc. de Montpellier V. 529.
961 2223 1630 2294 — „Cum venerabilis fratris“.
908 2281 2874 2347 11537 Monasterio Gorgonensi donatam anno 1126 a Theobaldo, episcopo Marianensi,
388 2270 567 2351 „ 19.
702 2267 775 2396 „
956 2329 2653 2398 ecclesiam S. Mariae de Chiapella confirmat. Pflugk-Harttung Iter p. 268.
910 2385 2874 2451 11538 Ecclesiae S. Leonardi in Lamavolari factam a Rainaldo de Nonanta conces-
384 2387 565 2455 „ 19.
698 2402 782 2462 „
961 2449 2501 2504 sionem confirmat. Pflugk-Harttung Iter p. 269. — „Officii nostri“.
908 2499 2874 2563 11539 Clericis Sipontinis scribit haec: „Quoniam ecclesia vestra et ecclesia Montis
386 2493 567 2572 „ 25.
693 2486 782 2614 „
956 2557 2874 2616 Gargani una sedes esse consuevit et eiusdem clerici curiam (Willelmi), illustris
954 2612 2872 2676 Siciliae regis, pro nuntianda pastoris sui morte adire disponunt, universitati vestre
961 2658 2874 2729 „ . . mandamus, quatinus una cum eis ad iam dictam curiam accedatis et commune
958 2725 2874 2782 negotium communiter peragere studeatis. Indignum enim esset si utraque pre-
958 2778 2872 2839 scriptarum ecclesiarum proprium episcopum peteret aut alicuius inter vos scandali
958 2833 2874 2890 vel dissensionis scintilla comparere deberet“. (Legitur super porta ecclesiae S. Michaelis
956 2877 2870 2945 in Monte Gargano. Suspectam habet tabulam Ughelli It. sacr. VII. 845: cui cano-
958 2941 2865 3005 nicorum controversiam apud Innoc. III. Epist. ed. Baluzius I. 632, ap. Migne 214
958 2996 2865 3067 p. 1000 memoratam perscrutatus assentire nequeo.) Schulz Denkmiler I. 236. —
956 3049 1568 3109 „Quoniam ecclesia vestra“.
905 3098 2872 3166 11540 Gui(doni) episcopo et capitulo Catalaunensi mandat, ut parochianos ecclesiae
388 3078 567 3175 „ 26.
689 3080 768 3217 „
956 3164 2867 3228 S. Trinitatis, qui in ea sepulturam elegerint, sepeliri ibidem sinant. Pflugk-Harttung
958 3208 1851 3272 Acta I. 242. — „Decet vos universis“.
386 3257 565 3336 „ 30.
908 3261 2865 3336 11541 Ad canonicos S. Trinitatis Catalaunensis litteras dirigit. Neues Archiv VII. 99.
695 3259 771 3343 „
956 3316 1345 3392 — „Ex litteris“.
905 3369 2863 3449 11542 (7715) O. abbati Ursicampi et F. decano Remensi scribit de fratrum duorum,
384 3361 565 3573 „
678 3369 775 3562 „
958 3438 2865 3493 quorum uxores sint consanguineae, non dirimendis matrimoniis, „quoniam tolerabilius
956 3484 2863 3595 est“ iuquit „csse coniunctos contra hominum statuta, quam quod Deus coniunxit
1140 176 2061 271 ALEXANDER III. 1159— 1181.
