3007 3975
645 300 987 390 1168— 1169.
729 357 2649 452 separare“. Martene Coll. II. 812, Mansi XXI. 1076, Migne 200 p. 544. — „Ad
729 443 1221 503 audientiam nostram“.
382 441 625 569 Benenena
680 481 2646 554 11543 (7716) Chaialisio comiti ceterisque Phariensis insulae nobilibus sub excom-
125 468 344 574 lun. 1.
731 549 2646 618 municationis poena imperat, ut Martinum episcopum, senectute confectum, iusto de-
731 598 2642 675 bitoque honore prosequantur. Farlati III. sacr. IV. 242, Migne 200 p. 545. —
733 664 1301 726 „Insinuatum nobis esse“.
684 704 2649 783 11544 (7717) Henrico, archiepiscopo Remensi, mandat, compellat Angult. de Aiteio, ut
161 711 335 799 „ 2.
475 719 556 803 „
733 768 2649 832 Lod. de Buren, Hierosolymam ituro, de homine eius interfecto satisfaciat. Martene
733 830 2107 889 Coll. II. 813, Migne 200 p. 546. — „Ex relatione nobilis“.
682 865 2649 949 11545 lohanni, episcopo Magalonensi, monasteria S. Genesii et S. Felicis disponenda
156 878 342 958 „ 2.
475 812 552 960 „
731 934 2509 993 tradit. In bibl. nat. Paris. ms. lat. 14688. f. 69. — „Officii nostri debitum“.
684 982 2651 1051 11546 (7718) Henrico, archiepiscopo Remensi, mandat, cogat Henricum de Magno-
159 987 342 1066 „ 3.
470 991 556 1079 „
733 1044 2649 1108 prato, ut quae Aprili de Manso Hierosolymam profecturo abstulerit, restituat. Mar-
731 1095 2649 1166 tene Coll. II. 813, Bouquet Rec. XV. 862, Migne 200 p. 546. — „Ex relatione nobilis“.
684 1154 2651 1223 11547 (7719) Henrici, archiepiscopi Remensis, arbitrio causam Gaufridi clerici Ambia-
161 1130 344 1227 „ 3.
470 1159 558 1234 „
733 1212 2651 1278 nensis permittit. Martene Coll. II. 814, Migne 200 p. 547. — „Constitutus in prae-
733 1272 923 1325 sentia“.
684 1313 2653 1384 11548 (7720) Henrico, archiepiscopo Remensi, mandat, ne ecclesiam Wistri a canonicis
159 1322 346 1426 „„ 4.
470 1325 558 1397 „
731 1371 2653 1437 S. Symphoriani Berengario clerico concessam per abbatem auferri patiatur. Martene
733 1431 2154 1488 Coll. II. 815, Migne 200 p. 547. — „Ex parte canonicorum“.
687 1479 2653 1545 11549 (Fulcrando) praeposito et capitulo Magalonensi praecipit, ne canonicos, quibus
159 1466 344 1570 „ 7.
466 1484 558 1559 „
733 1543 2651 1603 licitum sit in causis ecclesiasticis, etiam in secularibus advocatione fungi patiantur.
737 1594 2341 1660 Mém. de la soc. de Montpellier V. 534. — „Ad audientiam nostram“.
687 1643 2653 1718 11550 (7721) Canonicis Pisanis significat, V. et M. presbyteros, qui „Malincasam“ (i. e.
165 1643 349 1731 „ 12.
466 1654 558 1790 „
740 1702 2653 1771 Benincasam) reliquissent, excommunicatione solutos esse, sed Villano communionem
735 1753 2653 1821 non esse redditam. Ughelli It. sacr. III. 403, Mittarelli Ann. Cam. IV. app. p. 27,
737 1815 2651 1877 Migne 200 p. 548. De tempore vide Reuter II. 269. — „Ex litteris dilectorum“.
687 1868 2653 1932 11551 (7722) Henrico, archiepiscopo Remensi, scribit de Hugonis militis uxore, aucto-
165 1808 351 1941 „ 16.
470 1874 565 1958 „
740 1930 2653 1996 ribus falsis testibus dimissa, viro reddenda. Martene Coll. II. 815, Migne 200 p. 549.
737 1976 1400 2049 — „Ex tenore quarumdam“.
687 2025 2653 2100 11552 (7723) Roberto, ecclesiae Catalaunensis archidiacono, et abbati S. Memmii mandat,
165 2000 349 2102 „ 18.
459 2038 563 2104 „
737 2091 2655 2159 iudicent inter Milonem clericum et Herbertum ecclesiae S. Mariae custodem. Martene
735 2150 2156 2208 Coll. II. 816, Migne 200 p. 549. — „Significatum est nobis“.
170 2186 346 2270 „ 22.
689 2188 2653 2265 11553 (7724) Henrico, archiepiscopo Remensi, scribit, ut eos, qui ecclesiae Braguensis,
466 2192 574 2276 „
740 2254 2655 2318 fratribus Silvae-maioris subiectae, praeposituram praebendasque abstulerint, nisi com-
737 2312 2651 2373 moniti ab episcopo Suessionensi et abbate S. Remigii ablata restituerint, excommunicet.
740 2367 2651 2429 Martene Coll. II. 818, Bouquet Rec. XV. 862, Migne 200 p. 550. — „Dilecti filii nostri“.
687 2422 2653 2479 11554 Monasterii Silvae-maioris possessiones quasdam confirmat. Annuaire-bullet. de
170 2373 349 2491 „ 22.
472 2422 572 2495 „
740 2473 2653 2535 la soc. de l'hist. de France 1867. II. Part. p. 12. — „Iustis petentium desideriis“.
170 2519 349 2590 „ 27.
687 2519 2653 2597 11555 Canonicis Morinensibus privilegium de decima Gravisculturae dat. (Huius bullae
470 2548 572 2610 „
744 2585 2655 2654 16 lineae iam legi nequeunt.) Duchet et Giry Cart. de Térouane p. 32. — „Iustis
740 2645 1237 2707 petentium desideriis“.
689 2689 2657 2753 11556 (Miloni episcopo Morinensi) de novalibus privilegium tribuit. (Bulla lacunam
167 2687 220 2769 „
479 2705 567 2778 „
740 2751 2655 2820 linearum 15 continet.) Duchet et Giry Cart. de Torouane p. 36. — „. . . . . quis
737 2806 1184 2873 autem attemptare“.
167 2811 353 2932 „ 30.
691 2857 2655 2923 11557 Capituli Aurelianensis statutum, ut nullus canonicorum, nisi fuerit in ecclesiae
472 2864 565 2939 „
740 2917 2655 2979 servitio assiduus, de beneficiis ultra 25 solidos annuatim recipiat, confirmat. Loewen-
742 2972 1763 3027 feld Epistolae p. 141. — „Pro ecclesiarum“.
134 2970 355 3109 Lot. 10.
695 3021 2657 3093 11558 (7725) Compositionem inter Dominicum et Heimardum atque Theodericum et
463 3018 572 3113 „
742 3069 2655 3142 filium eius a Rod(ulpho) episcopo Ferentinensi factam confirmat. Martene Coll.
740 3124 1939 3195 II. 745, Migne 200 p. 551. — „Cum inter vos et“.
698 3182 2655 3252 11559 (7714) Henrico, archiepiscopo Remensi, mandat, compellat canonicos Arienses, ut
172 3175 355 3257 „ 12.
470 3184 572 3261 „
742 3244 2657 3301 monasterio S. Vedasti, quod Philippus comes Flandrensis abstulerit, caput b. Iacobi resti-
744 3301 2655 3356 tuant. Guimann Cart. de S.-Vaast d'Arras p. 136, Revue des soc. sav. V. sér. VII. 544:
742 3345 2655 3425 „IIII. Id. Iul.“, Martene Coll. II. 811, Bouquet Rec. XV. 861, Migne 200 p. 544:
740 3400 1646 3471 „VII. kal. Iun.“. — „Perlatum est ad“.
695 3460 2653 3557 11560 Roberto praeposito et canonicis Ariensibus praecipit, ut monasterio S. Vedasti.
178 3462 364 3573 „ 18.
477 3458 554 3553 „
2293 3515 2381 3615 28*
912 145 1838 238 ALEXANDER III. 1159—1181.
2516 141 2644 231 219
