3007 3975
346 194 475 278 220
894 331 1232 419 1168— 1169.
980 395 2883 481 quod Philippus comes Flandrensis abstulerit, caput b. lacobi restituant. Nisi fecerint,
976 465 2885 530 ab Henrico archiepiscopo Remensi excommunicatum iri. Guimann Cart. de S.-Vaast
972 516 2730 585 d'Arras p. 137, Revue des soc. sav. V. sér. VII. 544. — „Perlatum est ad“.
368 507 870 728 ( I aaa
925 583 2887 644 11561 Philippum comitem Flandrensem hortatur, ut monasterio b. Vedasti ablatas
972 633 2883 702 S. Iacobi reliquias restituat. Nisi fecerit, mandasse se Henrico archiepiscopo Remensi,
976 684 2885 753 ut ecclesiam, in qua illae reliquiae reconditae sint, interdicat. Guimann Cart. de
974 744 2883 814 S.-Vaast d'Arras p. 138: „ . . id. Iul.“, Revue des soc. sav. V. sér. VII. 545: „id.
974 801 1619 863 Iul.“. — „Pervenit ad nos“.
402 850 585 927 „ 14.
704 859 797 973 „
925 841 2887 923 11562 (7726) Henrico, archiepiscopo Remensi, iam iterum praecipit, compellat canonicos
974 907 2885 971 Praemonstratenses „ad observandam sententiam, quam piae memoriae B(alduinus)
974 962 2889 1026 quondam Noviomensis episcopus super controversia inter eos et canonicos Hamensis
974 1022 2889 1086 ecclesiae protulerit“. Martene Coll. II. 746, Bouquet Rec. XV. 864, Migne 200 p. 552.
976 1068 1718 1143 — „Quia confidimus plurimum“.
399 1119 587 1205 „ 15.
715 1121 790 1201 „
925 1115 2887 1194 11563 (7727) Henrico, archiepiscopo Remensi, mandat, hortetur Philippum, comitem
974 1185 2885 1247 Flandrensem, ut monasterio S. Vedasti ablatas S. Iacobi reliquias restituat. (Non est,
976 1243 2883 1302 cur hanc epistolam suspectam diiudicemus; id quod fecit Morand in Revue des soc.
969 1287 2885 1360 sav. V. sér. VII. 541.) Martene Coll. II. 747, Bouquet Rec. XV. 864, Migne 200
972 1342 1805 1415 p. 553. — „Significatum nobis est“.
402 1395 589 1477 „ 15.
713 1327 795 1506 „
925 1395 2887 1464 11564 (Milonis) episcopi Morinensis, (ab Henrico Remensi) „levi de causa“ (excom-
974 1453 2885 1517 municati?), patrocinium suscipit eumque a praedicto archiepiscopo sine consensu
976 1517 2885 1578 omnium suffraganeorum suspendi vel interdici aut excommunicari vetat. (Bulla
972 1567 2766 1627 mutila.) Duchet et Giry Cart. de Térouane p. 35. — „Manifestis rationibus“.
397 1616 581 1700 „ 16.
713 1618 793 1693 „
921 1618 2887 1693 11565 Rainaldo abbati et fratribus Hamensibus decimas villae Gunnocurt, a B(alduino)
972 1678 2885 1737 quondam episcopo Noviomensi concessas et ab Henrico archiepiscopo Remensi firmatas
972 1731 2883 1799 asserit. (Prima bullae verba, mendum continere videntur.) In bibl. nat. Paris. Coll.
972 1784 2193 1846 Moreau t. 76. f. 112. — „Iusta petentibus fidelibus“.
395 1786 583 1912 „ 20.
704 1837 790 1916 „
919 1835 2885 1908 11566 (7728) Decano et capitulo Parisiensi praecipit, ut Philippum, (Stephani) episcopi
969 1894 2883 1956 Meldensis nepotem, canonicum Parisiensem, de praebenda quadam investiant. Du-
967 1947 2883 2014 chesne H. Fr. SS. IV. 758, Bouquet Rec. XV. 878, Mansi XXI. 1031, Migne 200
967 2002 1886 2073 p. 553. — „Quantum venerabili fratri“.
399 2040 578 2135 „ 30.
656 2042 797 2190 „„
916 2055 2885 2124 11567 (7729) Henricum, archiepiscopum Remensem, monet, ne Milonem de Thebio eius-
967 2113 2883 2179 que filium eleemosyna quadam privari sinat. Martene Coll. II. 751, Migne 200
967 2173 1763 2230 p. 554. — „Ex transmissa nobis“.
362 2197 576 2294 Aug. 5.
702 2212 790 2305 „
919 2214 2885 2290 11568 (7730) P(etro) priori et universo ecclesiae Domini Sepulcri Hierosolymitani con-
972 2285 2883 2347 ventui scribit, A(malricum) patriarcham atque A(malricum) regem non debere im-
969 2338 2885 2400 pediri, quominus ecclesiae Ioppensi „dignitatem cathedralem et cetera, quae paga-
967 2391 2881 2451 norum iamdudum violentia et occupatione perdiderat, oportunitate nunc habita, red-
969 2449 2885 2510 dant“. Attamen admonitum a sese patriarcham esse, ut „dignam honestamque iis
967 2495 2881 2566 recompensationem inveniat“. Rozière Cartulaire du saint sépulcre p. 291, Migne 200
965 2555 1721 2614 p. 554. — „Litteras devotionis“.
393 2608 581 2683 „ 11.
698 2608 788 2694 „
916 2599 2881 2674 11569 (7731) Henrico, archiepiscopo Remensi, mandat, iudicet inter Fulconem de villa
967 2663 2881 2736 Aleran et Milonem super terra quadam certantes. Martene Coll. II. 752, Migne 200
965 2718 1743 2784 p. 555. — „Causam, quae inter“.
388 2764 576 2848 „ 12.
698 2775 784 2864 „
916 2767 2883 2835 11570 Canonicis Patavinis nuntiat, sese controversiam eorum cum canonicis montis
965 2822 2881 2892 Silicani super decimis quibusdam episcopo Veronensi commisisse. Mandat, ut evocati
963 2884 2878 2941 eius praesentiam adeant. Gloria Cod. dipl. Padov. II. 171. — „Causam que inter“.
393 2932 574 3021 „ 15.
693 2928 784 3023 „
914 2937 2881 3003 11571 (7732) Henrico, archiepiscopo Remensi, mandat, compellat ducem de Lovain, ut
967 2994 2881 3049 villam de Bechehem, ab Henrico, quondam episcopo Leodiensi, fratribus hospitalis
961 3047 2876 3109 Hierosolymitani assertam, quam iis abstulerit, reddat. Martene Coll. II. 752, Bouquet
963 3104 2366 3162 Rec. XV. 865, Migne 200 p. 556. — „Ex transmissa nobis“.
388 3102 570 3224 — 21.
698 3162 779 3233 „
912 3151 2876 3221 11572 (7733) Canonicos Pisanos propter schismatis oppugnationem collaudat, monetque,
961 3204 2876 3272 studeant, ut „Malincasa“ (Benincasa) expellatur, Villanusque archiepiscopus revocetur.
961 3268 2876 3327 Qui cum schismaticis communicent, eos ipsos schismaticos habendos esse. Dolet archi-
961 3319 2874 3383 episcopum de quibusdam lenius iudicasse. Ughelli It. sacr. III. 402, Migne 200
961 3372 1716 3436 p. 556. — „Litteras devotionis“.
393 3374 567 3502 „ „8
678 3436 779 3579 „
910 3425 2870 3500 11573 (7734) Ugoni, archiepiscopo lanuensi, monasterium Gallinariae insulae concedit.
961 3482 2465 3584 Cghelli It. sacr. IV. 871. Migne 200 p. 567. — „SNulli amplius“.
1151 178 2079 271 ALEXANDER III. 1159—1181.
