3007 3975
660 300 996 382 1168—1169.
134 364 357 454 Aug. 29.
395 362 636 470 Beneventi
693 357 2657 443 11574 (7735) Henrico, archiepiscpo Remensi, mandat, ut fratribus castri de Dampere
742 439 2657 499 coemeterium, nisi iam a (Guidone) episcopo Catalaunensi acceperint, ipse tribuat.
746 490 2262 554 Martene Coll. II. 755, Migne 200 p. 558. — „Dilecti filii nostri“.
132 538 353 642 Sept. 4.
481 543 565 640 „
693 534 2655 609 11575 (7736) Interdicti sententiam, a Leonate abbate Piscariensi in clericos de terra
742 602 2657 664 Sansonesca promulgatam et ab I(ohanne) episcopo Signiensi confirmatam, ratam facit.
740 651 1981 713 Muratori R. It. SS. II. Ir. 1013. — „Ex continentia“.
170 711 353 781 „ 6.
477 717 570 852 „
689 708 2657 775 11576 (7737) Henrico, archiepiscopo Remensi, mandat, ut quem excommunicaverit,
740 766 2660 832 Paganum militem absolvat. Martene Coll. II. 756, Migne 200 p. 558. — „Veniens
740 814 1133 885 ad nos dilectus“.
165 854 349 947 „ 6.
477 832 570 965 „
689 865 2655 938 11577 (7738) Henrico, archiepiscopo Remensi, mandat, cogat Rad. de Curteio, II. comitem
742 936 2657 998 Grandis-prati, alios, ut ablata monasterio S. Remigii restituant. Martene Coll. II. 757,
737 982 2476 1044 Bouquet Rec. XV. 868. Migne 200 p. 559. — „Conquestionem abbatis et“.
167 1026 349 1115 „ 6.
475 1022 578 1199 „
689 1040 2662 1108 11578 (7739) Henrico, archiepiscopo Remensi, mandat, ut Stephanum et quosdam alios
740 1097 2660 1157 in villa Insula habitantes, ac fratres hospitalis Hierosolymitani cogat abbati fratribus-
740 1152 2660 1210 que S. Remigii satisfacere; praeterea ut iisdem „possessiones et beneficia, quae
737 1203 2657 1267 schismatici de regno Alemanniae in provincia eius noscantur habere, assignet“. „IIlud
737 1263 2655 1325 autem“ inquit „memoriter teneas, quod non omnes de regno Allemaniae schismatica
740 1318 2657 1384 sunt pravitate respersi, sed quidam eorum nobis devoti existunt“. Martene Coll.
740 1362 2520 1439 II. 757, Bouquet Rec. XV. 868, Migne 200 p. 560. — „Dilecti filii nostri“.
269 1382 351 1506 6.
470 1433 574 1503 „
687 1426 2660 1492 11579 (7740) Quibusdam mandat, ut inter En. priorem de Valle S. Petri et fratres de
740 1481 2660 1559 Tenalliis iudicium faciant. Martene Coll. II. 758, Migne 200 p. 561. — „Quotiens
737 1539 1025 1598 inter viros“.
165 1539 346 1676 „ 14.
461 1598 576 1673 „
689 1576 2660 1654 11580 (7741) Canonicis Pisanis mandat, ut proposita excommunicatione interdicant, ne
740 1647 2657 1711 quis ab intruso ac schismatico monasterii Sextensis abbate beneficia accipiat. Ughelli
740 1702 2657 1775 It. sacr. III. 405, Mittarelli Ann. Cam. IV. app. p. 29, Migne 200 p. 561. — „Qua-
740 1751 1197 1824 liter inturgescente“.
167 1784 346 1892 „ 17.
463 1808 574 1892 „
689 1810 2662 1874 11581 (7742) Henrico, archiepiscopo Remensi, causam Marbelini et Belot. matris eius
740 1870 2655 1938 cum A. milite diiudicandam mandat. Martene Coll. II. 759, Migne 200 p. 562. —
737 1916 1444 1989 — „Venientes ad apostolicae“.
167 1925 349 2049 „ 23.
461 1985 578 2064 „
687 1978 2657 2038 11582 (7743) Episcopo Furconiensi et canonicis Pennensibus, Valvensibus, Teatinis prae-
737 2036 2655 2095 cipit, ut sententiam excommunicationis vel interdicti in clericos quosdam a Leonate,
737 2089 2657 2148 abbate Piscariensi, latam, observent observarique a Riccardo, Leonatis fratre, cogant.
740 2137 2023 2208 Muratori R. It. SS. II. II. 1013. — „Significavit nobis“.
167 2153 349 2285 „ 21.
461 2157 572 2292 „
687 2186 2657 2256 11583 (7744) Parochianos ecclesiae S. Salvatoris Venetae laudat, quod decumas sol-
737 2254 2657 2336 verint; monetque, ut in solvendis iis pergant. Cornelii Eccl. Ven. XIV. 100, Migne
737 2296 1436 2382 200 p. 562. — „Dilecti filii“.
656 2380 2585 2468 1169. (Ind. 2. — 25. Sept. — 3, pont. a. 10. — 20. Sept. — 11, 1168. — 25. Mart. — 1169.)
386 2440 629 2570 Beneventi
684 2457 2655 2539 11584 *Adelberti, archiepiscopi Salzburgensis, „electionem confirmat“. Hanc epistolam
735 2528 2651 2588 se „post octo dies“, consecratione (d. 16. Mart. 1169) accepta, itaque die 23. Mart.
735 2577 2651 2658 recepisse, scribit ipse Adelbertus in epist., quae exstat in Chronico Reichersperg. Mon.
731 2625 1250 2689 Germ. SS.XVII. 504.
132 2661 349 2749 lan. 4.
470 2667 554 2800 „
684 2676 2653 2751 11585 (7745) Ecclesiam S. Salvatoris Venetam tuendam suscipit, ciusque possessiones
735 2749 2653 2817 et privilegia confirmat, petente Viviano priore. Cornelii Eccl. Ven. XIV. 100, Migne
735 2804 1612 2866 200 p. 563. — „Ad hoo universalis“.
170 2824 344 2948 „ 10.
466 2826 554 2959 „
687 2844 2653 2915 11586 Xenodochii Hierosolymitani protectionem suscipit, bonaque et privilegia con-
735 2915 2651 2972 firmat, petente Giberto magistro. In bibl. nat. Paris. ms. lat. 9001. f. 39. — „Chri-
731 2954 1221 3029 stianae fidei religio“.
165 3009 349 3082 „ 15.
475 3005 552 3131 „
687 3014 2651 3080 11587 Ordini Cisterciensi privilegia quaedam indulget. In bibl. nat. Paris. Coll. Doat
733 3078 1661 3131 t. 17. f. 24. — „Attendentes quomodo“.
165 3111 346 3195 „ 15.
470 3127 554 3199 „
687 3120 2649 3188 11588 Monasterii S. Mariae de Insula protectionem suscipit, petente Ugone abbate.
735 3180 1811 3246 Neues Archiv VII. 99. — „Religiosam vitam“.
170 3224 344 3387 „26.
459 3219 561 3385 „
684 3230 2646 3303 11589 (7746) Monasterii Cavensis protectionem suscipit et possessiones privilegiaque,
735 3292 2646 3352 rogatu Morini abbatis, confirmat, „salvo censu trium solidorum aureorum annuatim
733 3347 2646 3405 S. R. ecolesiae debito“. (Bullam falsam esse, censet Pflugk-Harttung in Neues Archiv
737 3398 2644 3528 II. 4812.„ Nargarin Buf. Sas. I. 18. et R. 180. Siene 2oo. p. 56s. — „Com
733 3449 1064 3559 miesae nobis“.
925 141 1853 242 ALEXANLER III. 1159—1181.
2527 143 2653 238 221
