3007 3975
307 152 430 236 222
855 293 2770 386 1169. (Ind. 2. — 25. Sept. — 3, pont. a. 10. — 20. Sept. — 11, 1108. — 25. Mart. — 1169.)
585 351 828 461 Beneventi
890 377 2856 454 11590 Monasterii Cavensis possessiones et bona (? an iura?) confirmat. Pflugk-Hart-
324 324 550 463 Lan. 2a.
938 443 1869 505 tung Iter p. 269. — „Commisse nobis“.
892 485 2856 560 11591 M(arino), abbati Cavensi, eiusque successoribus usum mitrae, anuli, sandaliorum,
362 485 545 571 „ 30.
671 501 753 565 „
938 554 2856 622 cyrothecarum, tunicae et dalmaticae concedit. Guillaume L'abbaye de Cava append.
938 596 1657 675 p. 37. — „Et bone opinionis“.
324 662 550 746 Febr. 4.
888 655 2858 730 11592 Priori ecclesiae S. Salvatoris Venetae usum mitrae et baculi concedit. Wiener
680 677 762 737 „
941 719 2079 777 Sitzungsber. XCIV. 669. — „Devotionis et fidei“.
892 779 2858 839 11593 (Guidoni) abbati et fratribus S. Nicasii Remensis litteras dat. Neues Archiv
368 777 547 867 „ 5.
678 766 757 865 „
943 832 1542 896 VII. 98. — „Ex litteris“.
890 881 2861 947 11594 (7747) Monasterii S. Nicasii Remensis bona et privilegia confirmat, petente Gui-
360 854 547 956 „ S.
673 870 766 960 „
938 942 2861 1007 done abbate. Marlot Metr. Rem. II. 397, Migne 200 p. 567. — „Religiosam vitam
938 987 1230 1062 eligentibus“.
892 1048 2863 1113 11595 (7748) (Petro), abbati S. Remigii, et decano Remensi mandat, ut inter I. S. Mariae
671 1048 764 1121 „
360 1040 547 1126 „ 9.
947 1099 2858 1170 Virtuensis abbatem variosque homines controversias disceptent. Sirmondi Opp. III. 887,
945 1157 2350 1225 Mansi XXI. 958, Migne 200 p. 568. — „Dilecti filii nostri“.
888 1216 2863 1285 11596 (7749) Monasterium Vallumbrosanum tuendum suscipit et eius possessiones ac
368 1216 550 1298 „ 14.
673 1216 764 1291 „
941 1276 2858 1349 iura, petente Iacobo abbate, confirmat. Lami Eccl. FI. M. I. 545, Migne 200 p. 569.
941 1333 1495 1402 — „Desiderium, quod“.
890 1382 2861 1457 11597 (7750) Henrico, Anglorum regi, respondet, quae per Reginaldum Sarisberiensem
368 1380 550 1464 „ 28.
676 1371 764 1510 „
941 1437 2861 1506 et Randulphum Lavensem archidiaconos petierit, ea concedi non posse. „Gratianum
941 1501 2863 1559 subdiaconum et notarium nostrum“ inquit „et magistrum Vivianum ad regiae cel-
941 1556 2858 1616 situdinis praesentiam destinavimus (leg. „destinabimus“); quod autem in tantum
943 1603 2861 1671 voluntatem tuam inclinasti, quod Thomam, Cantuariensem archiepiscopum, permitteres
945 1669 2861 1724 ad propria remeare, dummodo quod tibi debet impendere velit, gratum tenemus“.
943 1715 2861 1782 Epist. S. Thomae ed. Lupus p. 487, ed. Giles II. 122, Mansi XXI. 888, Migne 200
943 1771 1891 1843 p. 571. — „Magnificentiae tuae litteras“.
897 1815 2863 1894 11598 Monasterii S. Mariae et S. Hunegundis Humolariensis protectionem suscipit,
333 1777 554 1956 Nan. „
680 1786 773 1952 „
943 1877 2863 1952 possessionesque et privilegia confirmat, petente Petro abbate. (Subscriptiones sunt
945 1945 2863 2000 corruptae.) In bibl. nat. Paris. Cartul. d'Hombliéres ms. lat. 13911. s. XVII. f. 1.
943 1991 1469 2062 — „Quotiens illud a“.
894 2038 2863 2128 11599 *Canonicorum Gurcensium possessiones et privilegia confirmat. Zahn Urkundenb.
368 2042 550 2144 „ 5.
676 2040 760 2166 „
945 2104 1489 2173 von Steiermark I. 471.
890 2150 2863 2230 11600 Petro abbati et fratribus Massiliensibus asserit ecclesias et universa iura paro-
364 2159 545 2252 „ 8.
669 2179 766 2283 „
941 2219 2865 2287 chialia vallis de Treit (Tritensis), a XL retro annis possessa. Collection des Car-
943 2272 2412 2336 tulaires IX. 366. Cf. infra 11611. — „Ex diligenti relatione“.
894 2323 2863 2398 11601 Bertrandi prioris et fratrum de Mezoilo, monasterio Massiliensi subiectorum,
366 2323 552 2411 „ 8.
680 2340 768 2418 „
943 2382 2865 2462 patrocinium suscipit eisque liberam ipsius loci sepulturam concedit. Coll. des Car-
943 2440 2043 2510 tulaires IX. 368. — „Quoniam ecclesia vestra“.
897 2499 2863 2574 11602 (7751) Thomae, archiepiscopo Cantuariensi, significat, se Henrico, Anglorum regi,
371 2477 552 2608 „ 10.
676 2482 766 2603 „
945 2557 2863 2632 per nuncios „quaedam magna et difficilia postulanti“, non satisfecisse. Scribit, se
943 2623 2863 2680 Gratianum subdiaconum, notarium suum, et Vivianum magistrum, „duxisse destinan-
943 2678 2861 2742 dos“, qui pacem inter eum et regem constituant. Monet, ut „malitiam et angustiam
943 2731 2861 2793 temporis diligenter considerans, usque ad discessum nunciorum suorum nec in regem
945 2789 2863 2844 nec in personas regni aut regnum aliquam sententiam proferat et, si forte iam pro-
945 2837 2861 2906 tulerit, ipsam usque ad tempus illud suspendat“. Epist. S. Thomae ed. Giles II. 20,
947 2890 2715 2965 Migne 200 p. 572, (ed. Lupus p. 483, Mansi XXI. 887). — „Illustris regis“.
901 2952 2861 3025 11603 (7752) Henrico, archiepiscopo Remensi, mandat, curet, ut compositio a R(odulpho).
371 2910 556 3038 „ 11.
682 2976 768 3036 „
945 3016 2861 3076 episcopo Ferentinensi, inter Dominicum et Hemardum et inter Theodericum et Hai-
945 3060 2863 3138 dericum facta observetur. Martene Coll. II. 787, Migne 200 p. 573. — „Cum inter
945 3124 1248 3193 Dominicum“.
899 3173 2863 3239 11604 Ecclesiae Salernitanae potrocinium suscipit ac possessiones confirmat, petente
373 3122 554 3261 „ 14.
678 3191 777 3261 „
952 3233 2858 3301 Romualdo archiepiscopo. Statuit praeterea, ut ecclesiae sacerdotes, primicerii et dia-
950 3283 2858 3356 coni mitris „secundum veterem ipsius ecclesiae consuetudinem“ utantur. Paesano
954 3347 2357 3407 Mem. d. chiesa Salern. II. 176. — „Licet nobis ecclesiarum“.
899 3389 2861 3464 11605 (7682) T(eobaldo), episcopo Placentino, mandat, ut terram de Burneto canonicis
380 3369 561 3502 „ 18.
667 3409 775 3526 „
950 3447 2854 3557 ecclesiae S. Antonini restituat. Campi Hist. di Piac. Id. 360. — „Ex tranemissa“.
1117 143 2043 245 ALEXANDER III. 1159—1181.
