3007 3975
322 165 448 249 224
868 318 2783 406 1169. (Ind. 2. — 25. Sept. — 3, pont. a. 10. — 20. Sept. — 11, 11685. — 25. Mart. — 1169.)
344 359 565 492 lun. 13.
605 384 846 512 Benerenti
899 393 2867 463 11625 Monasterii S. Mariae Lucediensis possessiones iuraque confirmat, petente Serlone
950 446 2364 518 abbate. Pflugk-Harttung Iter p. 270. — „Religiosam vitam“.
901 514 2867 571 11626 (7762) Thomam, archiepiscopum Cantuariensem, totius Angliae primatem et apo-
380 481 565 638 „ 18.
687 499 771 624 „
952 567 2867 633 stolicae sedis legatum, reprehendit, quod ante nunciorum eius reditum „quaslibet
952 611 2865 684 personas regni Anglorum aliqua sententia gravaverit“. Hortatur, ut „sententiam
956 675 2865 742 ipsam suspendat, quousque ex responsione nunciorum suorum cognoscat, an rex eum
954 735 2865 792 sibi reconciliare velit“. „Si rex“ inquit „in sua duritia perstiterit, sententiam ipsam
952 783 2863 852 indubitanter poteris revocare“. Epist. S. Thomae ed. Giles II. 22, Migne 200 p. 590,
952 839 1979 898 (ed. Lupus p. 520). — „Cum nuncios tuos“.
903 889 2867 960 11627 (7763) Canonicorum cardinalium Ravennatum possessiones confirmat, petente
377 883 556 967 „ 22.
698 821 771 969 „
954 947 2607 1007 Berardo archidiacono. Fantuzzi Mon. Rav. II. 138. — „Quotiens illud“.
901 1002 2867 1064 11628 (7764) Suffraganeis ecclesiae Panormitanae episcopis, rogatu Willelmi Siciliae
382 993 558 1066 „ 22.
684 995 771 1121 „
952 1062 2867 1121 regis, permittit, ut W(alterium) electum archiepiscopum consecrent, idque coram
952 1113 2865 1181 I(ohanne) tit. S. Stephani presbytero cardinali, pallium deferente. Pirri Sic. sacr.
952 1174 2132 1234 I. 104, Migne 200 p. 591. — „Venerabilis frater“.
901 1216 2867 1289 11629 Monasterium S. Bartholomaei de Carpineto tuendum suscipit, eiusque possessiones
377 1185 561 1294 „ 25.
693 1214 766 1289 „
954 1278 2633 1336 et iura confirmat. Pflugk-Harttung Iter p. 270. — „Iustis religiosorum“.
338 1311 563 1472 1a. 1.
903 1338 2867 1395 11630 (7765) Monasterii S. Zenonis Reichenhallensis tutelam suscipit, bonaque et iura
680 1327 782 1472 „
954 1395 2867 1457 confirmat, petente Alhardo praeposito. Hund III. 513, Mon. Boic. III. 544. — „Quo-
952 1439 1345 1508 niam sine vere“.
899 1492 2867 1563 11631 (7766) Henrico, archiepiscopo Remensi, mandat post mortem R(oberti) episcopi
368 1470 556 1585 „ 2.
691 1468 768 1587 „
961 1554 2867 1614 Ambianensis, ut Nicolaum intra dies 20 „in canonicum Ambianensis ecclesiae recipi
954 1612 2867 1669 et ipsi stallum in choro faciat assignari, et si qua praebenda, priusquam ibi epi-
952 1662 2865 1729 scopus substituatur, vacaverit, eam concedat“. Martene Coll. II. 744, Bouquet Rec.
952 1713 2344 1786 XV. 863. Migne 200 p. 592. — „Cum bonae memoriae R.“
899 1768 2865 1835 11632 (7767) Abbatibus ordinis Cisterciensis privilegia quaedam concedit. Henriquez
362 1742 556 1855 „ 1.
680 1749 771 1861 „
952 1830 2865 1892 Regula p. 56, Manrique Ann. Cist. II. 478, Cron. et cartul. de Dunis p. 125, Migne
954 1879 2865 1945 200 p. 592, (Comp. II. L. 1. t. 6. c. 1, L. 2. t. 19. c. 5, Decr. Greg. L. 1. t. 10. c. 1,
950 1936 2865 1998 L. II. t. 28. c. 34). — „Attendentes, quomodo“ („Quia nos elegit“ „Statuimus praeterea“).
901 1996 2867 2058 11633 (7768) Archiepiscopos, episcopos, abbates in Cisterciensi capitulo congregatos
373 1974 558 2073 „ 19.
684 1934 773 2179 „
952 2047 2865 2111 hortatur, ut patrum ordinis Cisterciensis, de ecclesia bene meriti, vestigia persequantur.
952 2095 2863 2173 (Pontium) abbatem Claraevallensem, „pro inevitabili necessitate promovendae pacis“
952 2155 2865 2221 a sese retentum, excusat. Manrique Ann. Cist. II. 500, Duchesne Hist. Fr. SS.
952 2208 2861 2279 IV. 478, Henriquez Regula p. 239, Bouquet Rec. XV. 877, Migne 200 p. 594. —
950 2267 1789 2336 „Inter innumeras“ „Inter universas“.
901 2316 2867 2389 11634 (7773) Parthenonum S. Fabiani Farinatensis et S. Damiani Donariensis, (quorum
377 2314 556 2402 „ 22.
689 2309 773 2391 „
952 2380 2865 2438 illum a comitibus Bergomensibus constructum et sub censu annuo duodecim dena-
952 2426 2865 2497 riorum Mediolanensium b. Petro oblatum esse narrat), tutelam suscipit, ac libertatem,
950 2486 2865 2552 possessiones, privilegia confirmat, Taide abbatissa per G(aldinum), archiepiscopum
952 2541 2863 2605 Mediolanensem, et Albertum, episcopum Laudensem, petente. („XI. kal. Aug.“)
954 2599 2865 2656 Ughelli It. sacr. IV. 672, Vignati Cod. dipl. Laud. II. 55, Cappelletti Chiese d'It.
954 2645 2865 2711 XII. 345, Migne 200 p. 602. — „Ad hoc universalium“ (leg. puto „universalis“).
899 2707 2865 2778 11635 (7769) Clero, iudicibus, universo populo Beneventano praecipit, ne uti consue-
373 2694 558 2820 „ 24.
950 2764 2865 2822 tudine pergant, qua „mercatores, viatores et peregrini hospitio apud aliquem in ipsa
952 2817 2863 2879 civitate recepti, si contingat eos ibi aliqua infirmitate gravari, nec domum egredi,
954 2877 2865 2934 nec testamentum de rebus suis facere, nec sepulturam ubi voluerint si decesserint
954 2923 2865 2987 eligere permittantur, sed res eorum partim curiae apostolicae, partim ecclesiae, partim
952 2985 2865 3049 hospitibus dispergantur“. Borgia Mem. ist. di Benevento III. 157, Migne 200 p. 595.
954 3032 1453 3102 — „Sicut in vanum“.
899 3076 2865 3151 11636 (7770) Ecclesiam Astensem tuendam suscipit, canonicorumque possessiones et
689 3074 775 3155 „
380 3058 558 3186 „ 25.
952 3146 2865 3206 iura confirmat, Nicolao archidiacono et Gardulfo praeposito petentibus. Hist. Patr.
956 3199 2863 3263 Mon. Chart. I. 853, Ughelli It. sacr. IV. 368, Migne 200 p. 597. — „Officii nostri“.
899 3250 2865 3319 11637 (7771) Proceres, milites et universos Christi fideles, proposita peccatorum venia
671 3246 777 3314 „
373 3246 556 3369 „ 39.
956 3312 2865 3369 ut ecclesiae Orientali subveniant monet, „tamquam Deo exhortante per (Fridericum)
956 3361 2865 3422 Tyrensem archiepiscopum, (Iohannem) Paneadensem episcopum, et G(uidonem) prae-
954 3418 2865 3491 ceptorem Hospitalis et nobilem virum A. de Landast“. Martene Coll. II. 747, Bouquet
954 3473 2372 3584 Rec. XV. 878. Migne 200 p. 599. — „Luter ommis, qune in“
1133 154 2059 253 ALEXANDER III. 1159—1181.
