3007 3975
649 295 2573 377 1169. (Ind. 2. — 25. Sept. — 3, pont. a. 10. — 20. Sept. — 11, 1168. — 25. Mart. — 1169.)
382 364 625 463 Beneventi
678 371 2651 448 11638 (7772) Henricum, archiepiscopum Remensem, hortatur, ut F(ridericum) archi-
119 362 340 457 Iul. 29.
733 441 2649 499 episcopum Tyrensem, et episcopum Belmensem, et praeceptorem Hospitalis ac nobilem
729 485 2649 556 virum A. de Landast, ex oriente missos, Ludovico Francorum regi commendet. Mar-
729 541 2644 602 tene Coll. II. 750, Bouquet Rec. XV. 880, Migne 200 p. 601. — „Cum gemitus de“.
680 600 2646 664 11639 (7774) Parthenoni S. Zachariae Veneto asserit decimam in Monte-Silice, a Girardo
125 585 340 684 Aug. 16.
463 600 561 691 „
729 658 2644 719 episcopo Patavino concessam. Cornelii Eccl. Ven. XI. 379, cf. tabulam ibid. p. 378,
731 715 2456 768 Migne 200 p. 604, (Gloria Cod. dipl. Pad. II. 187). — „Iustis petentium“.
680 766 2646 823 11640 Ecclesiae Trecensis protectionem suscipit, possessionesque confirmat, petente
114 748 342 867 Sept. 6.
459 766 556 872 „
731 814 2646 894 Mathaeo episcopo. Lalore Collection V. 81, Pflugk-Harttung Acta I. 242. — „In
724 881 1217 929 eminenti universalis“.
651 912 2644 989 f11641 Parthenonis SS. lohannis et Andreae Troarciensis tutelam suscipit, possessiones-
729 991 2644 1046 que et privilegia confirmat, petente Alada abbatissa. (Data est bulla a. 1169, p.
724 1040 2644 1104 a. 10: „Romae“.) In bibl. nat. Paris. ms. lat. 12756. f. 598. — „Inprimis locorum
724 1095 1060 1154 venerabilium“.
678 1121 2644 1212 11642 Monasterii S. Petri Landensis tutelam suscipit, possessionesque et privilegia con-
150 1108 335 1258 „ 2.
461 1086 545 1249 „
724 1199 2644 1276 firmat, petente Andrea abbate. Vignati Cod. dipl. Laud. II. 57. — „Effectum iusta
722 1258 1062 1327 postulantibus“.
673 1305 2644 1384 11643 (7775) Ecclesiam Bononiensem tuendam suscipit et eius bona confirmat, petente
472 1318 534 1393 „
724 1375 2361 1431 lohanne episcopo. Savioli Ann. Bol. II. II. 22. — „In eminenti sedis“.
117 1380 333 1514 Nov. 4.
676 1417 2640 1488 11644 (7776) Guallae, episcopo Bergomati, ecclesias S. Mariae in Turre et S. Iuliani
455 1393 547 1517 „
724 1472 2640 1537 de Sovisio „per anulum aureum“ muneratur, ea lege, ut pro utraque ecclesia duo-
722 1528 2640 1601 decim denarii veteris Mediolanensis monetae quotannis persolvantur. Lupi C. D.
720 1592 2068 1656 Berg. II. 1257, Migne 200 p. 606. — „Cum ad nostram“.
673 1629 2635 1715 11645 (7777) Absaloni, episcopo Roschildensi, asserit „magisterium et praelationem“
145 1636 331 1704 „ 4.
459 1649 552 1753 „
726 1700 2635 1757 R5 insulae, Waldemaro Danorum rege per nuncios petente. Thorkelin Diplom.
722 1742 2635 1813 Arna-Magn. I. 251, Hasselbach Cod. Pom. dipl. I. 64, Migne 200 p. 607. De tem-
722 1802 2635 1877 pore cf. Wigger Berno v. Schwerin (Jahrb. d. Ver. f. meckl. Gesch. XXVIII.) p. 179.
724 1861 1349 1919 — „Cum christianae fidei“.
671 1903 2633 1985 11646 (7778) (Eskcillo) archiepiscopo Lundensi, apostolicae sedis legato, episcopis,
145 1863 329 2042 „ „
450 1903 558 2036 „
720 1967 2635 2036 abbatibus, prioribus et aliarum ecclesiarum praelatis per Daniam constitutis Kanutum,
720 2025 2633 2089 quondam Danorum ducem, numinibus ascriptum nunciat. (Verba: „anno dom. 1170“
722 2086 2635 2144 sunt aliena manu addita.) Thorkelin Diplom. Arna-Magn. I. 27, Migne 200 p. 608.
722 2144 1325 2203 — „Ex litteris karissimi“.
669 2177 2635 2252 11647 (7779) Canonicis ecclesiae Ripensis praecipit, ut „ad commonitionem et man-
145 2186 329 2272 „ 8.
452 2201 554 2272 „
718 2248 2633 2309 datum Radulphi episcopi susceptae professionis habitum regularem reservent“. Lange-
718 2307 2021 2365 bek SS. R. Dan. VII. 189. — „Ad audientiam nostram“.
671 2356 2635 2422 11648 (7780) Universos ecclesiae Upsaliensis parochianos hortatur, ut S(tephano) archi-
148 2347 329 2438 „ 8.
448 2358 554 2457 „
718 2415 2635 2473 episcopo obediant, „nec eum, aut alium quemlibet ecclesiae praelatum coram laicis
722 2468 2633 2532 accusare, seu ad seculare iudicium trahere praesumant“. Liliegren Dipl. Suec. I. 89,
718 2524 2631 2583 Ornhjälm Hist. Sueon. p. 533, Rydberg Sverg. Trakt. I. 83, Migne 200 p. 609. —
720 2579 1111 2641 „Suggestum est“.
671 2632 2635 2694 11649 Monasterii S. Michaelis de Periculo-maris possessiones confirmat, petente Roberto
148 2592 331 2705 „ 9.
459 2638 552 2707 „
718 2680 2538 2749 abbate. Delisle Chron. de Robert de Torigni II. 291. — „Iustis religiosorum“.
150 2727 329 2811 „ 10.
669 2742 2633 2800 11650 Abbati Valcellensi privilegium dat. Neues Archiv VII. 99. — „Piae postulatio“.
463 2740 543 2822 „
669 2797 2633 2859 11651 (7781) Ecclesiam S. Vincentii Bergomatem tuendam suscipit bonaque eius con-
145 2789 329 2881 „ 11.
446 2793 556 2881 „
715 2844 2633 2915 firmat, petente Adelardo archidiacono. Lupi C. D. Berg. II. 1261, Ughelli It. sacr.
720 2897 1853 2972 IV. 466, Migne 200 p. 610. — „Quotiens illud“.
148 2934 331 3027 „ 11.
671 2948 2635 3029 11652 (7782) Canonicorum Ravennatum possessiones confirmat. Rubei Hist. Rav.
459 2954 554 3034 „
715 3007 908 3078 p. 348.
667 3058 2635 3140 11653 Ecclesiae Cephaloediensis possessiones et iura confirmat. Pflugke-Harttung Iter
145 3025 331 3140 „ 23.
450 3069 552 3142 „
718 3115 1378 3191 p. 270. — „Quoniam sicut“.
112 3127 333 3248 Dec. 1.
671 3175 2635 3241 11654 Monasterii Durbonensis protectionem suscipit, possessionesque et privilegia con-
437 3180 558 3257 „
720 3237 2635 3301 firmat, petente Bertrando priore. Bibl. de l'école des chartes Sér. III. Tom. V. (1854)
722 3292 1639 3354 437. — „Religiosam vitam eligentibus“.
148 3336 329 3405 „ 23.
667 3336 2633 3409 11655 Parthenonis S. Mariae Bellimontis tutelam suscipit, possessionesque confirmat,
450 3347 543 3414 „
720 3396 2633 3495 petemte Hermenardi abbatissa. In bibl. nat. Paris. ms. lat. 12780. f. 463. — „Quo-
720 3453 1067 3557 tiens a nobis“.
145 3480 715 3592 derataBon. Romnan. Sa ec. n.
2284 3506 2364 3608 29
914 143 1842 242 ALEXANDER III. 1159— 1181.
2525 150 2653 242 225
