3007 3975
307 159 433 249 226
855 298 2770 390 1169. (Ind. 2. — 25. Sept. — 3, pont. a. 10. — 20. Sept. — 11, 1165. 25. Mart. — 1169.)
883 379 2854 452 11656 (7783) Waldemaro, Danorum regi, abbatem fratresque Calvenses „de loco ad
934 448 2852 503 alium locum auctoritate Eskilli, Lundensis archiepiscopi, translatos“ commendat, et
934 499 2852 567 concambium ab iis cum rege factum confirmat. Langebek SS. R. Dan. V. 243,
934 554 1977 620 Migne 200 p. 612. — „Quod divina gratia“.
885 602 2856 691 11657 (7784) Absaloni Roschildensi et Suenoni Arusiensi episcopis Briennum et eius
936 680 2854 735 fratres, „a loco Weng ad locum Calve“ transgressos, commendat. Langebek SS. R.
934 719 1816 786 Dan. V. 244. — „Quod iuxta officii“.
888 775 2854 861 11658 (7785) Brienno abbati et eius fratribus, qui „monasterium de loco Weng ad
936 852 2854 907 locum, qui Calve nominatur, transtulerint, sola villa de Weng in manu regis relicta
936 907 2852 967 pro terra, quam ab eodem rege in concambium acceperint“, plausum impertit. Lange-
936 958 2602 1042 bek SS. R. Dan. V. 244, Migne 200 p. 612. — „Propositi et desiderii“.
859 1031 1098 1119 c. 1169.
890 1097 2854 1183 11659 (7786) Bonifatio magistro et fratribus militiae Templi de Lombardia asserit
941 1183 2856 1256 ecclesiam S. Stephani Reginam. (Fragmentum.) Tiraboschi Mem. Mod. III. 54,
943 1232 1877 1307 Migne 200 p. 613. — „Cum inter vos“.
859 1296 1204 1391 1162—1170.
892 1371 2856 1464 11660 (7787) Thomae, archiepiscopo Cantuariensi, mandat, cogat monachos de Boxelee,
945 1457 2856 1517 ut ecclesiae S. Mariae decumas persolvant. Gilberti Foliot epist. ed. Giles II. 66,
950 1508 2858 1572 App. conc. Lat. XIII. 12, Coll. Lips. XXIII. 17, Coll. Cass. XXXV. 13, Coll. Bamb.
945 1561 2856 1631 XXV. 13, Comp. I. L. 3. t. 26. c. 18, Decr. Greg. L. III. t. 30. c. 4, Migne 200
943 1614 2229 1684 p. 613. — „Commissae nobis a“ „Commissum nobis a“.
890 1676 2858 1755 11661 (7788) Thomae, archiepiscopo Cantuariensi, concedit, ut „si episcopi suffraganei
943 1742 2856 1795 eius et archidiaconi appellaverint ad audientiam suam, et episcopatus et archi-
945 1795 2858 1852 diaconatus suos sub apostolica protectione posuerint, nullatenus praetermittat, quin
945 1841 2858 1905 de casibus subditorum, his dumtaxat exceptis, super quibus appellatum sit, cogno-
945 1903 2858 1967 scere possit et statuere“. Gilberti Foliot epist. ed. Giles II. 62, Migne 200 p. 614,
945 1961 2861 2022 (App. conc. Lat. L. 30, Coll. Lips. XLVII. 31, Coll. Cass. LI. 29, Coll. Bamb. XLII. 28,
943 2007 2224 2082 Comp. I. L. 2. t. 20. c. 25). — „Relatum est auribus“.
897 2078 2865 2142 11662 (7789) R. filio Henrici asserit terram de insula Thanedos, a Thoma, archiepi-
947 2135 2861 2201 scopo Cantuariensi, restitutam. (Fragmentum.) Epist. S. Thomae ed. Giles II. 146,
945 2179 2145 2256 Migne 200 p. 614. — „Iustis petentium desideriis“.
897 2245 2863 2320 11663 (7790) Philippum Praemonstratensem et ceteros ordinis abbates hortatur, ut
947 2303 2863 2376 „turbationem ordinis evitantes, universas novitates, de quibus inter eos aliqua scis-
945 2356 2861 2424 sura possit emergere, in tempus aliud differant“. Martene Coll. II. 816, Mansi
945 2418 2341 2488 XXI. 1077, Migne 200 p. 614. — „Pervenit ad nos, quod“.
861 2473 1208 2583 1164— 1170.
897 2561 2863 2643 11664 (7791) Thomae, archiepiscopo Cantuariensi, qui „prima illa professione, quam
943 2636 2863 2698 Gilbertus Herefordiensi in ecclesia fecisset, contentus exstiterit, nec eum, Londinensem
943 2694 2863 2751 episcopum factum, super alia professione gravaverit“, concedit, „ut ex hoc nullum
945 2736 2861 2811 praeiudicium ei debeat in posterum provenire“. Epist. S. Thomae ed. Giles II. 19,
945 2800 2861 2875 ed. Lupus p. 481, Migne 200 p. 616. — „Cum in celebratione“ „Dum in celebra-
945 2848 1117 2919 tione“.
863 2915 1206 3025 1166—1170.
894 3001 2861 3089 11665 (7792) Universis suffraganeis ecclesiae Cantuariensis scribit, mirari se, „quod
947 3074 2861 3138 quidam eorum asseverare praesumant, quod Thomas, archiepiscopus Cantuariensis,
947 3131 2863 3186 apostolicae sedis legatus, nullam causam de episcopatibus eorum sive metropolcos
952 3180 2861 3244 sive legationis iure audire debeat, nisi per appellationem perferantur ad ipsum“.
947 3235 2858 3297 Interdicit iis, ne quemquam impediant, „quominus causas suas ad archiepiscopum
945 3283 2856 3358 possit transferre“. Gilberti Foliot epist. ed. Giles II. 62, App. conc. Lat. XLIV. 3,
945 3343 2856 3403 Coll. Lips. XXXII. 1, Coll. Cass. XLI. 1, Coll. Bamb. XXXII. 1, Comp. I. L. 1.
945 3398 2856 3513 t. 28. c. 1. Decr. Greg. La I. t. 80. c. I. Migue 206 p. 616. — „Oaam (um) non
947 3458 1193 3559 ignoretis“.
1117 147 2041 240 ALEXANDER III. 1159—1 181.
