3007 3975
642 295 980 379 1168—1170.
673 353 2638 443 11666 (7794) Henrico, archiepiscopo Remensi, mandat, indicet inter Goslenum et o.
368 355 616 454 Boneventi
119 353 349 461 Lan. 2.
724 435 2640 507 milites atque Herluinum quondam canonicum. Martene Coll. II. 771, Migne 200
722 492 1619 558 p. 617. — „Ex conquestione Gosleni“.
673 543 2640 609 11667 (7795) Monasterio Longipontis asserit bona ab episcopis Silvanectensibus collata,
154 545 338 627 „ 2.
457 547 543 624 „
726 605 2642 669 petente Henrico episcopo. Compendiosum abb. Longi-pontis chron. p. 57, Gall. Chr.
726 647 2140 724 X. Instr. p. 432, Migne 200 p. 618. — „Venerabilis noster“.
676 706 2642 781 11668 (7796) Monasterio Beccensi asserit privilegia a Willelmo, quondam archiepiscopo
459 713 547 797 „
152 711 340 832 „ 7.
722 772 2642 834 Rotomagensi, concessa. Lanfranci Opp. p. 332, Migne 200 p. 618. — „Ex rescripto“.
678 828 2640 892 11669 (7797) Henrico, archiepiscopo Remensi, mandat, ne S. Andreae de Castello et
461 843 543 907 „
150 823 335 901 „ S.
724 885 2642 942 S. Sepulcri abbates et canonicos S. Gaugerici et Manassem de Ruriniaco decimis
724 942 2644 1000 quibusdam privari per leprosos Cameracenses patiatur, „si constiterit, quod illi deci-
724 998 2644 1053 mas a triginta annis usque ad hunc annum sine quaestione possedissent“. Martene
722 1040 2644 1113 Coll. II. 772, Bouquet Rec. XV. 871, Migne 200 p. 618. — „Recepta conquestione
724 1106 1020 1170 leprosorum“.
678 1152 2642 1232 11670 (7798) Henrico, archiepiscopo Remensi, mandat, ut excommunicationis sententiam
152 1152 331 1227 „ 9.
455 1154 552 1241 „
724 1216 2642 1276 in lohannem de Burgundione, propter illata ecclesiae Praemonstratensi damna, editam
724 1267 2644 1336 observari iubeat. Martene Coll. II. 773, Migne 200 p. 620. — „Significatum est
720 1322 901 1389 nobis“.
678 1369 2644 1450 11671 (Robertum) episcopum Ambianensem, (Petrum) abbatem S. Remigii et P(ul-
159 1373 338 1495 „ 10.
448 1375 547 1501 „
724 1446 2642 1506 conem) decanum Remensem iudices constituit inter fratres Praemonstratenses et
726 1501 2644 1567 monachos Hamenses. In bibl. nat. Paris. Coll. Moreau t. 76. f. 209. — „Cum olim
722 1554 1042 1618 controversia“.
682 1592 2644 1673 11672 *Ecclesiae S. Mariae de Reno donationem quandam confirmat. Pflugk-Harttung
154 1572 335 1684 „ 10.
463 1583 550 1729 „
724 1658 1018 1720 Iter p. 271.
676 1700 2644 1779 11673 Gualtero Tornacensi et Henrico Silvanectensi episcopis mandat, ut iudicium
150 1704 340 1824 „ 11.
459 1729 550 1888 „
729 1773 2644 1837 faciant inter canonicos S. Mariae et monachos S. Vedasti Atrebatenses. Guimann
724 1828 2081 1885 Cart. de S.-Vaast d'Arras p. 160. — „Inter dilectos filios“.
680 1881 2644 1947 11674 Ecclesiae de Plesscio (vel Campo Osberti) possessiones quasdam ab H(enrico)
152 1872 340 1943 „ 11.
457 1872 552 1991 „
726 1938 2644 2000 Baiocensi episcopo eiusque praedecessoribus donatas confirmat. Cart. de l'abb. du
726 1985 2644 2060 Plessis-Grimould s. XVex. f. 7 in Arch. dép. du Calvados in Caen. — „Iustis peten-
724 2051 1109 2106 tium desideriis“.
676 2093 2644 2186 11675 (7799) Episcopis quibusdam mandat, cogant quosdam homines Catalaunenses,
152 2091 335 2219 „ 12
459 2137 554 2212 „
726 2177 2644 2230 ut abbati S. Remigii Remensis domum et libras 30 ablatas reddant. Martene Coll.
726 2219 2090 2292 II. 774, Migne 200 p. 620. — „Significavit nobis dilectus“.
682 2270 2644 2343 11676 (7800) Henricum, archiepiscopum Remensem, hortatur, ut Holduino, ecclesiae
159 2248 338 2358 „ 16.
463 2252 558 2367 „
731 2336 2644 2398 suae vicedomino, ablatum ecclesiae S. Sixti beneficium restituat. Martene Coll. II. 774,
729 2391 2350 2457 Bouquet Rec. XV. 856, Migne 200 p. 620. — „Dilectus filius noster“.
680 2442 2646 2521 11677 (7801) O(ddoni), S. Nicolai in carcere Tulliano diacono cardinali, mandat, cives
156 2438 338 2535 „ 18.
457 2462 565 2548 „
731 2513 2646 2570 Mantuanos sub excommunicationis poena moneat, ut infestare insulam de Suzare
731 2570 2646 2641 desistant, ablataque A(lbriconi) episcopo Regino restituant. Tiraboschi Mem. Mod.
729 2616 1707 2687 III. 46. — „Significavit nobis venerabilis“.
678 2667 2646 2733 11678 (7802) Henricum, archiepiscopum Remensem, de quibusdam rebus leniter repre-
156 2634 338 2756 „ 18.
463 2691 563 2762 „
731 2729 2644 2789 hendit. Mandata per abbatem S. Vincentii Silvanectensis mittit. (Fortasse a. 1168
731 2786 2646 2844 scripta; cf. Reuter II. 106.) Martene Coll. II. 775, Bouquet Rec. XV. 873, Migne
735 2842 1690 2906 200 p. 621. — „Antiquae devotionis et“.
680 2892 2649 2963 11679 (7803) Henrico, archiepiscopo Remensi, et (Galtero), episcopo Laudunensi, mandat,
159 2848 340 2985 „ 18.
466 2901 561 2985 „
731 2950 2649 3009 cogant G. de Castello in Porcien, R. de Rause, alios, ut erepta priori et fratribus
733 3009 2646 3076 ecclesiae de Noveio restituant. Martene Coll. II. 776, Bouquet Rec. XV. 873,
733 3049 1811 3129 Migne 200 p. 622. — „Conquesti sunt nobis“.
680 3122 2649 3188 11680 (7804) Henrico, archiepiscopo Remensi, mandat, ut excommunicationis sententiam
161 3118 344 3197 „ 18.
461 3133 563 3197 „
731 3180 2651 3239 ab H(ugone) episcopo Suessionensi et P(etro), abbate S. Remigii, prolatam in clericos
733 3235 2653 3303 Braguenses observari iubeat. Martene Coll. II. 778, Bouquet Rec. XV. 872, Migne
735 3288 1610 3358 200 p. 623. — „Causam, quae inter“.
687 3334 2649 3403 11681 (7805) Quibusdam mandat, compellant Albertum, praepositum S. vicedomini
163 3308 351 3425 „ 18.
448 3327 565 3478 „
737 3400 2649 3478 Catalaunensis, ut fratribus Trium-fontium ablata restituat. Martene Coll. II. 779,
737 3453 1736 3551 Migne 200 p. 624. — „Dilecti filii nostri“.
2293 3495 2375 3604 24
903 143 1824 236 ALEXANDER III. 1159—1181.
2509 145 2635 245 227
