3007 3975
311 165 441 251 228
861 309 1199 395 1168—1170.
890 373 2856 454 11682 (7806) Monachis S. Vedasti praecipit, ne cui, nisi pontifici Romano, obedientiam
594 366 837 525 Penerent.
329 359 558 454 lan. 19.
943 448 2854 512 promittant. Martene et Dur. Vet. Script. I. 880, Guimann Cart. de St.-Vaast p. 89,
943 503 2856 569 Bouquet Rec. XV. 857, Migne 200 p. 625: „XIV. kal. Febr.“. (In bibl. nat. Paris.
941 556 2571 613 Coll. Moreau t. 70. (. 235: „XII. kal. Febr.“.) — „A memoria nostra“.
894 616 2858 680 11683 Andreae, episcopo Atrebatensi, interdicit, ne a monachis S. Vedasti obedientiam
373 596 552 691 „ 20.
682 607 764 691 „
943 673 2728 726 exigat. Guimann Cart. de S.-Vaast d'Arras p. 90. — „Quanto maiori officio“.
892 726 2856 788 11684 (7807) Quibusdam mandat, ut inter abbatem Trium-fontium et abbatissam Ave-
368 702 554 801 „ 21.
669 711 768 799 „
941 779 2856 843 niacensem super domo quadam litigantes iudicium faciant. Martene Coll. II. 780,
943 830 1968 903 Migne 200 p. 625. — „Causam, quae inter“.
892 881 2856 954 11685 (7808) GGeraldo) episcopo Cadurcensi mandat, ut monasterio Moissiacensi
368 885 556 960 „ 21.
671 894 773 960 „
943 942 2856 1015 contra burgenses subveniat. Martene Thes. I. 456, Bouquet Rec. XV. 857, Migne
943 991 1670 1060 200 p. 626. — „Quantum sit“.
892 1046 2856 1113 11686 Canonicis Patavinis decumas quasdam, a Iohanne quondam episcopo iis adiudi-
368 1042 552 1139 „ 25.
667 1051 766 1139 „
943 1108 2854 1166 catas, asserit contra clericos de Montesilicis, qui „ad scismaticum appellaverant et
943 1157 2854 1225 quadriennio elapso appellationem ita inordinate factam non fuerant prosecuti“. Dondi
943 1207 2856 1283 Dissertazioni VI. docum. p. 60, Gloria Cod. dipl. Padov. II. 163. — „Quotiens super
938 1272 1131 1336 aliqua“.
892 1325 2856 1389 11687 (7809) Henrico, archiepiscopo Remensi, mandat, si ex (Theoderico) electo Metensi
371 1318 552 1408 „ 26.
667 1274 771 1411 „
943 1386 2856 1446 compererit, lohannem sacerdotem ab O. (Stephano), quondam episcopo Metensi, ante
943 1437 2854 1495 initam schismaficorum societatem ordinatum esse, ut eundem sinat ecclesiae cuidam
941 1490 2854 1567 praeesse. Martene Coll. II. 780, Calmet Hist. de Lorr. II. Pr. p. 357, Migne 200
945 1545 1785 1612 p. 626. — „Ex tenore quarumdam“.
892 1598 2856 1669 11688 M(arsiliae) abbatissae et sororibus S. Mariae Suessionensis interdicit, ne prae-
366 1576 547 1700 „ 26.
667 1596 766 1691 „
943 1647 2856 1713 bendas ecclesiae S. Petri clericis haud assidue ibidem servientibus concedant. Autogr.
941 1713 2295 1766 in tabul. nat. Paris. L. 231. n. 33. — „Cum ex iniuncto“.
890 1757 2854 1826 11689 Miraeo episcopo (Seniensi) praecipit, ut G(erardo) archiepiscopo Spalatensi (Salo-
364 1700 552 1841 „ 26.
673 1711 766 1848 „
943 1826 2856 1881 nitano), legato apostolico, obedientiam metropolitano debitam promittat. Farlati III.
943 1881 2470 1932 sacr. IV. 118, Mon. Hung. hist. I. XX. 42. — „Significavit nobis“.
890 1921 2854 2000 11690 (7810) G(erardo), archiepiscopo Salonitano, legato apostolico, consulenti respondet,
371 1890 552 2020 „ 2.
667 1945 777 2014 „
943 1978 2854 2049 1) digamos ad sacros ordines promotos, eosque, a quibus ordinati sint, de officiis
941 2033 2854 2104 deiiciendos esse, licet „in ordinatore possit dispensatio adhiberi“; 2) inscientes qui
941 2095 2856 2157 simoniace ordinati sint, eos non esse simoniacos habendos; 3) matrimonia in quarto
941 2144 2850 2208 et quinto consanguinitatis gradu ad id tempus contracta „propter duritiam populi“
941 2208 2852 2272 praetermittenda esse, in posterum vero communi concilio sub anathemate vetanda;
943 2261 2854 2323 4) uxorem abigi, nisi ob adulterium, non licere. Farlati III. sacr. III. 191, Mon.
941 2314 2419 2380 Hung. hist. I. Xr. 117, Migne 200 p. 627. — „Super eo, quod“.
892 2358 2856 2429 11691 Stephano abbati S. Petri Carnotensi asserit praebendas ecclesiae Carnotensis.
366 2320 550 2440 „ 31.
676 2387 753 2468 „
943 2418 2439 2482 Ex Orig. in bibl. nat. Paris. ms. lat. 9221. n. 44. Misit Delisle.
892 2479 2852 2539 11692 (7811) Abbati Flaviacensi praecipit, ut B(artholomaeo), episcopo Bellovacensi,
329 2435 552 2532 Febr. 2.
667 2449 755 2579 „
938 2537 2854 2588 obediat. Martene Coll. II. 781, Migne 200 p. 628. — „Ad audientiam nostram“.
890 2585 2854 2645 11693 Viviano priori S. Salvatoris de Rivoalto permittit, ut in praecipuis sollemnitatibus
366 2566 547 2669 „ 4.
671 2579 757 2676 „
938 2645 2847 2711 et exequiis mortuorum mitra et baculo utatur. Pflugk-Harttung Iter p. 271. —
941 2687 1312 2758 „Devotionis et“.
890 2729 2854 2811 11694 (7812) Quosdam hortatur, ut P. adolescenti „rictum et restitum tribuant“. Mar-
364 2729 547 2824 „ 5.
676 2727 757 2850 „
934 2802 2410 2873 tene Coll. II. 781, Migne 200 p. 628. — „Decet nos operibus“.
892 2853 2854 2921 11695 (7813) Monasterio S. Dionysii ecclesiam S. Medardi de Trembliaco asserit.
360 2859 547 2952 „ S.
669 2850 762 2970 „
941 2910 2852 2976 Doublet Hist. de St. Denys p. 508, Migne 200 p. 629. — „Iustis petentium desi-
936 2974 1115 3034 deriis“.
890 3003 2854 3098 11636 (7814) Quibusdam mandat, iudicent inter I. abbatem S. Mariae Virtuensis et
366 2996 550 3104 „ 9.
680 3005 755 3118 „
934 3071 2852 3135 eius adversarios. Martene Coll. II. 782, Migne 200 p. 629. — „Dilecti filii nostri“.
888 3131 2850 3202 11697 (7815) Henrico, archiepiscopo Remensi, mandat, ut ecclesiae Romanae censum
360 3107 550 3210 „ 11.
678 3111 753 3197 „
936 3180 2852 3248 ab ecclesia S. Nicolai de Insula de Lours aliisque ecclesiis tradi fratri Rostaim iubeat.
941 3241 2850 3310 Martene Coll. II. 783, Bouquet Rec. XV. 858, Migne 200 p. 630. — „Quoniam
934 3297 1354 3363 ecclesiae multae“.
890 3345 2854 3411 11698 Archiepiscopis et episcopis, in quorum parochiis ecclesiae Parisiensis possessiones
360 3308 552 3482 „ I1.
656 3336 762 3504 „
936 3407 2850 3469 consistunt, mandat, ut de earum invasoribus infra 30 dies post factam requisitionem
936 3460 2852 3562 iustitiam eahibeant. Autogr. in tabul. nat. Taris. L. 231. n. 38. — „Cuanto iam dicta“.
1124 163 2048 253 ALEXANDER III. 1159—1181.
