3007 3975
642 313 980 393 1168—1170.
112 379 338 525 Pebr 11.
375 373 618 516 Benerenti
671 366 2642 454 11699 (7817) Henrico, archiepiscopo Remensi, mandat, hortetur decanum et canonicos
722 448 2642 510 Suessionenses, ut quam cum comite Suessionensi habeant de mensuris vini contro-
726 505 2642 567 versiam componant, aut intra dies 40 ius suum persequantur. Martene Coll. II. 784,
722 554 2366 616 Bouquet Rec. XV. 858, Migne 200 p. 631. — „Noverit industria tua“.
150 596 331 675 „ 12.
455 600 554 730 „
673 607 2644 671 11700 (7818) Girardi, archiepiscopi Spalatini, legati apostolici, molestias miseratur qui-
724 669 2642 733 dem, sed tamen eum vituperat, quod tam mature querimonias ad sese detulerit,
724 722 2642 790 „cum deceat episcopum usque ad annum ita omnia videre, tamquam non videat, et
726 781 2642 841 in simplicitate dissimulare, quae alias essent durius requirenda“. Commendat S.,
729 830 2644 896 litteras afferentem. Farlati III. sacr. III. 189, Mon. Hung. hist. I. XI. 115, Migne
729 885 1681 954 200 p. 632. — „Intellectis anxietatibus“.
150 929 333 1009 „ 18.
455 938 554 1013 „
680 934 2644 1004 11701 (7819) Henricum, archiepiscopum Remensem, hortatur, ne Roberti clerici matrem,
729 998 2644 1057 si manumissam fuisse constiterit, ab Hu. quondam archidiacono redigi in servitutem
726 1042 2642 1113 patiatur. Martene Coll. II. 784, Migne 200 p. 632. — „Ex diligenti narratione“.
150 1088 333 1177 „ 18.
452 1093 554 1234 „
673 1101 2644 1170 11702 (7820) G(erardo) archiepiscopo Spalatino, legato apostolico, mandat, ut a L(am-
722 1161 2642 1225 pridio), episcopo Scardonensi, defendat libertatem monasterii S. Gregorii Auranensis,
722 1207 2642 1280 a Demetrio quondam Dalmatiae Croatiaeque duce, testante Eugenii III. registro,
722 1263 2644 1333 ecclesiae Romanae oblati, de quo inter episcopum et Templarios orta controversia
722 1318 2366 1384 sit. Farlati III. sacr. IV. 11, Feiér C. D. HI. II. 183. — „In registro“.
152 1364 335 1470 „ 25.
450 1362 554 1457 „
673 1369 2642 1444 11703 (7822) Henrico, archiepiscopo Remensi, mandat, ut ecclesiam de Algeco et Cer-
722 1437 2644 1497 solio restitui Ricardo presbytero iubeat, „quoniam litterae, quas Albertus presbyter
724 1492 2646 1552 a sese contra iustitiam et per subreptionem impetraverit, nullam debeant firmitatem
724 1548 2582 1612 habere“. Martene Coll. II. 785, Migne 200 p. 634. — „Ex litteris venerabilis“.
152 1592 335 1671 „ 25.
459 1594 536 1680 „
676 1590 2646 1665 11704 (7823) In ecclesiae Pratensis paroecia invito praeposito aedificari ecclesias et
722 1651 2593 1718 oratoria vetat. Ughelli It. sacr. III. 332, Migne 200 p. 634. — „Hortatur nos“.
640 1702 985 1804 1169— 1170.
373 1749 620 1872 Reneventi
676 1773 2646 1859 11705 Ecclesiae S. Pauli Suessionensis possessiones confirmat. (Fragmentum. Signa
724 1852 2646 1908 chronologica sunt corrupta. Ex anno incarn. 1169 et pontificatus XI. apparet, bullam
722 1899 2646 1978 datam esse inter d. 20. Sept. 1169 et 24. Mart. 1170.) Martin-Marville Trosly-Loire
724 1954 1491 2027 p. 220. — „ . . in quibus haec“.
463 2027 550 2113 „
680 2007 2640 2082 11706 Toletano archiepiscopo. Sic ap. Pflugk-Harttung Iter p. 270. („Ind. III. et
726 2071 2635 2150 pont. a. XI.“ probant, bullam datam esse inter 25. Sept. 1169 et 20. Sept. 1170.) —
724 2124 1195 2201 „Cum pro negotiis“.
645 2184 883 2256 c. 1170.
678 2252 2646 2320 11707 Gualtero Tornacensi et Henrico Silvanectensi episcopis mandat, ne canonicos
726 2307 2644 2380 S. Mariae Atrebatensis in fundo monasterii b. Vedasti capellam aedificare sinant.
729 2367 2644 2440 Finium controversiam determinent. Guimann Cart. de S.-Vaast d'Arras p. 159, cf.
724 2431 1676 2491 supra ep. 11673. — „Dilecti filii nostri“.
642 2491 2567 2592 1170. (Ind. 3. — 25. Sept. — 4. pont. a. 11. — 20. Sept. — 12, 1169. — 25. Mart. — 1770.)
117 2577 342 2658 lan. 10.
377 2581 620 2714 Beneventi.
676 2577 2646 2661 11708 (7824) Monasterium S. Petri Mutinense tuendum suscipit, et eius bona ac iura
724 2643 2644 2707 confirmat, petente Geminiano abbate. Tiraboschi Mem. Mod. III. 51, Migne 200
726 2694 1608 2767 p. 635. — „Pie postulatio voluntatis“.
156 2738 340 2817 „ 11.
457 2725 552 2820 „
678 2747 2642 2822 11709 Monasterii b. Vedasti tutelam suscipit, possessionesque et privilegia confirmat,
731 2809 2644 2873 petente Martino abbate. Guimann Cart. de S.-Vaast d'Arras p. 91. — „Sicut irra-
729 2857 1325 2921 tionabilia predecessorum“.
161 2906 338 3029 „ 18.
448 2923 570 3100 „
678 2906 2644 2983 11710 (7825) Rotrodo, archiepiscopo Rotomagensi, et Bernardo, episcopo Nivernensi,
729 2976 2642 3038 mandat, ad Henricum, Anglorum regem, accedant, eumque hortentur, ut Thomam,
731 3032 2644 3096 archiepiscopum Cantuariensem, non modo, sicut per legatos promiserit, in integrum
731 3089 2644 3142 restituat, sed etiam „in osculo pacis recipiat“. Si rex ablatas possessiones Thomae
731 3135 2642 3199 intra dies 40 non reddiderit, „totam terram eius cismarinam interdicti sententiae
733 3188 2644 3252 subiiciant“. Facta pace, regem „post aliquantulum intervallum“ admoneant, ut „con-
731 3248 2642 3310 suetudines pravas, et illas maxime, quas ipse de novo adiecerit, deleat penitus et
731 3308 2644 3363 condemnet“. Excommunicent eos, qui Petrum, archidiaconum Papiensem, a Gratiano
731 3354 2642 3422 et Viviano ad regem missum, iniuriis affecerint. Epist. S. Thomae ed. Lupus p. 698,
733 3416 2644 3491 ed. Giles II. 55, Migne 200 p. 637. Hanc et sequentes epistolas illustravit Reuter
731 3456 1628 3573 II. 673 sg. — „Carissimus in Christo“.
903 147 1831 251 ALEXANDER III. 1159—1181.
2509 150 2644 245 229
