3007 3975
311 152 439 251 230
859 311 2772 397 1170. (Ind. 3. — 25. Sept. — 4, pont. a. 11. — 20. Sept. — 12, 1169. — 25. Mart. — 1170.)
313 366 470 470 Glan.)
572 364 850 472 (Beneventi)
888 384 2856 457 11711 (7826) Rotrodum, archiepiscopum Rotomagensem, hortatur, ut legationem ad
943 439 2854 510 Henricum, Anglorum regem, strenue administret. Epist. S. Thomae ed. Lupus p. 698,
943 503 2494 571 ed. Giles II. 54, Migne 200 p. 639. — „Quoniam de persona tua“.
890 554 2856 627 11712 (7827) Bernardum, episcopum Nivernensem, sic monet, „si archiepiscopus Roto-
340 545 450 636 („)
662 552 775 629 („)
943 609 2854 680 magensis in his, quae vobis iniungimus, una tecum procedere nollet, sive non posset,
941 666 2856 728 tu secundum tenorem litterarum nostrarum incunctanter procedas“. Epist. S. Thomae
941 724 2852 792 ed. Lupus p. 703, ed. Giles II. 103, Migne 200 p. 640. — „Quoniam de prudentia“.
890 768 2854 845 11713 (7828) Henrico, Angliae regi, scribit, nuncios eius, lohannem decanum Saris-
329 722 448 912 („
660 775 775 850 („)
943 823 2854 889 beriensem et Aegidium Rotomagensem ac Iohannem Sagiensem archidiaconos, una
943 887 2854 947 cum Reginaldo, archidiacono Sarisberiensi, quaedam postulasse, quae praestanda non
943 945 2854 1011 putaverit. Gratias agit, quod de restituendo Thoma, archiepiscopo Cantuariensi,
941 998 2854 1064 pollicitus sit. De praebendo osculo hortatur. Rotrodum, archiepiscopum Rotomagen-
941 1046 2854 1108 sem, et Bernardum, episcopum Nivernensem, legatos suos, commendat. Epist. S. Tho-
938 1106 2850 1172 mae ed. Lupus p. 695, ed. Giles II. 131, Migne 200 p. 641. — „Dilecti filii nostri“.
894 1150 2854 1223 11714 Monasterii S. Petri-vivi Senonensis patrocinium suscipit possessionesque confirmat,
366 1115 552 1232 „ 23.
673 1163 764 1230 „
941 1214 2854 1287 petente Odone abbate. Quantin Cart. gén. de I'Vonne II. 214. — „Ad hoc univer-
941 1269 1551 1336 sitatis“ (an „universalis“?)
890 1320 2852 1393 11715 V(illano), archiepiscopo Pisano, mandat, ut feminam quandam iuramento solvat,
362 1329 550 1393 „ 31.
669 1274 757 1413 „
938 1380 2854 1442 quod frater eius germanus, filius Furiosi, ab ipsa extorserat. (Mutila.) Pflugk-Hart-
936 1433 2079 1501 tung Acta II. 370. — „Ex tuarum (conti)nentia“.
331 1446 550 1570 Febr. 12.
890 1479 2854 1554 11716 (7829) Gilberto, episcopo Londinensi, per Thomam, archiepiscopum Cantuarien-
669 1490 760 1570 „
938 1545 2854 1603 sem, excommunicato, significat, se (Rotrodo) archiepiscopo Rotomagensi et episcopo
943 1598 2854 1658 Exoniensi (an Nivernensi?), ut eum absolverent, mandasse. Magistrum David, cano-
938 1658 2854 1713 nicum Londinensem, commendat. Epist. S. Thomae ed. Giles II. 93, de inscriptione
936 1709 2852 1766 epistolae cf. ibid. p. 342, Migne 200“ p. 643, (Radulf. de Diceto Imag. Hist. 1170
936 1757 2847 1835 ap. Twysden H. A. SS. I. 552, Opp. ed. Stubbs I. 337). — „Quod tibi ad praesens“
934 1810 1668 1874 („Rothomagensi archiepiscopo“).
892 1863 2854 1938 11717 (7830) Rotrodo, archiepiscopo Rotomagensi, et Bernardo, episcopo Nivernensi,
662 1773 764 1969 („
338 1848 450 1976 („)
941 1930 2856 1989 mandat de absolvendo Gilberto, episcopo Londinensi. Epist. S. Thomae ed. Giles
938 1978 2520 2049 II. 62, ed. Lupus p. 716, Migne 200 p. 644. — „Noverit discretio“.
888 2029 2854 2104 11718 Decano et capitulo S. Pauli Londinensi praecipit, exsolvant magistro David
658 1991 768 2144 („)
335 1998 446 2150 („)
938 2095 2852 2153 canonico, quae ei „de parva communia subtraxisse noscantur, ex quo hac secunda
941 2146 2852 2214 vice Boloniam (leg. Boloniae) disciplinis scolasticis intendat“. Liverani Spicil. Liber.
936 2197 1840 2270 p. 544. — „Constitutus in praesentia“.
892 2252 2850 2323 11719 Abbati Pontisariensi bullam dat. Neues Archiv VII. 99. — „Quotiens illud“.
371 2223 547 2332 „ 13.
680 2254 753 2336 „
890 2305 2854 2373 11720 Monasterii Vizeliacensis tutelam suscipit, bonaque et privilegia confirmat, petente
364 2314 545 2396 „ 16.
662 2320 760 2455 „
943 2367 2852 2435 Willelmo abbate. Bulletin de la soc. de l'Vonne XXII. 515. — „Quamvis omnium
936 2422 1241 2486 ecclesiarum“.
890 2462 2847 2548 11721 (7831) Omnibus episcopis Cantiae praecipit, ut interdicti sententiam si Rotrodus,
360 2446 545 2597 „ 18.
676 2484 757 2588 „
936 2532 2850 2592 archiepiscopus Rotomagensis, et Bernardus, episcopus Nivernensis, „in totam terram
938 2585 2852 2647 Henrici, Anglorum regis, quae citra mare consistit“, protulerint, observandam curent.
938 2632 2852 2714 Epist. S. Thomae ed. Lupus p. 704, ed. Giles II. 42, Migne 200 p. 645. — „Noverit
936 2694 1188 2760 industria“.
890 2738 2850 2820 11722 (7832) Rogero, archiepiscopo Eboracensi, apostolicae sedis legato, et Hugoni,
366 2722 547 2833 „ 18.
665 2722 751 2822 „
934 2804 2850 2875 episcopo Dunelmensi, et aliis ecclesiarum praelatis per Eboracensem archiepiscopatum
934 2862 2847 2926 constitutis, de interdicto idem mandati dat. Epist. S. Thomae ed. Lupus p. 705,
936 2919 2304 2974 ed. Giles II. 47, Migne 200 p. 645. — „Noverit industria“.
660 2915 771 3051 („)
888 2965 2852 3040 11723 (7833) (loscio), archiepiscopo Turonensi, et eius suffraganeis de interdicto idem
344 2915 450 3051 („)
936 3025 2847 3091 mandat. Epist. S. Thomae ed. Giles II. 73, ed. Lupus p. 706, Migne 200 p. 646.
938 3082 1473 3146 — „Noverit industria“.
888 3131 2852 3204 11724 (7834) *(Petro), archiepiscopo Bituricensi, et eius suffraganeis, de interdicto eadem
662 3082 766 3208 („)
342 3091 448 3206 („)
934 3188 2850 3257 praecipit. Epist. S. Thomae ed. Giles II. 74, ed. Lupus p. 707. — („Noverit industria“).
890 3241 2847 3305 11725 (7835) *(Bertrando), archiepiscopo Burdigalensi, apostolicae sedis legato, et suf-
660 3246 768 3319 („)
342 3197 457 3327 („)
936 3299 2847 3365 fraganeis eius de interdicto observando ut superioribus litteris scribit. Epist. S. Tho-
934 3347 2014 3422 mae ed. Giles II. 74. — („Noverit industria“).
888 3405 2854 3469 11726 (7836) *(Willelmo), archiepiscopo Ausciensi, et eius suffraganeis de interdicto ut supra
658 3398 768 3513 („)
331 3354 452 3524 („)
941 3467 2850 3566 seribit. Epist. S. Thomae ed. Giles II. 74; ed. Lupus p. 707. — („Nowerit industrie2.
1122 150 2045 247 ALEXANDER III. 1159—1181.
