3007 3975
647 309 2567 404 1170. (Ind. 3. — 25. Sept. — 4, pont. a. 11. — 2u. Sept. — 12, 1769. — 25. Mart. — 1170.)
103 359 289 518 (ebr)
357 357 640 527 (enevent,
671 388 2646 454 11727 (7837) *Universis episcopis et ceteris ecclesiarum praelatis per Rotomagensem
731 452 2646 518 provinciam constitutis de interdicto idem praecepti dat. Epist. S. Thomae ed. Giles
731 507 1919 560 II. 74, ed. Lupus p. 707. — („Noverit industria“).
132 541 245 677 („)
457 541 563 627 („)
682 558 2646 622 11728 (7838) (Rotrodo), archiepiscopo Rotomagensi, et (Bernardo), episcopo Nivernensi,
733 611 2646 671 scribit, delatum sibi esse, Henricum regem in Angliam transiisse. Mandat, ut intra
729 669 2649 730 dies 20 ad eum festinent, mandata prioribus litteris data persequantur, epistolas suas
729 724 2646 783 ad archiepiscopos et episcopos de observando interdicto deferendas curent. Hacc
731 779 2646 836 addit: „regi proponatis, quod si nec sic resipuerit, personae suae, sicut nec Frederico
733 832 2646 898 dicto imperatori fecimus, nequaquam parcemus“, Epist. S. Thomae ed. Giles II. 59,
733 883 2644 945 ed. Lupus p. 701, Migne 200 p. 647; cf. Reuter II. 676. — „Quoniam de vestrae“.
136 934 243 1018 („)
452 931 567 1062 („)
680 940 2646 1009 11729 (7839) Rotrodo, archiepiscopo Rotomagensi, et Bernardo, episcopo Nivernensi,
731 998 2646 1064 praescribit, quibus a Thoma, archiepiscopo Cantuariensi, excommunicatis communionem
731 1053 2644 1119 reddant, quibus denegent. Epist. S. Thomae ed. Giles II. 61, ed. Lupus p. 702,
729 1097 2341 1166 Liverani Spic. Lib. p. 545, Migne 200 p. 648. — „Quoniam in aliis“.
141 1141 243 1278 („)
457 1130 570 1274 („)
678 1157 2646 1223 11730 (7840) Thomam, archiepiscopum Cantuariensem, monet, ut (Willelmi) archiepi-
733 1223 2642 1285 scopi Senonensis, apostolicae sedis legati, et (Rotrodi), archiepiscopi Rotomagensis,
729 1272 2644 1338 et (Bernardi), episcopi Nivernensis, consilio utatur. Epist. S. Thomae ed. Giles II. 27,
733 1325 2324 1384 ed. Lupus p. 717, Migne 200 p. 649. — „Per venerabilem fratrem“.
159 1364 342 1448 „ 21.
463 1389 556 1453 „
678 1378 2644 1444 11731 (7841) Ecclesiae S. Mariae Vibergensis protectionem suscipit, canonicorumque
733 1442 2646 1503 possessiones ac privilegia confirmat, petente Suenone praeposito. Thorkelin Diplom.
733 1492 2313 1552 Arna-Magn. I. 24, Migne 200 p. 649. — „Pie postulatio voluntatis“.
130 1532 240 1698 (—).
455 1532 567 1667 („)
678 1543 2646 1609 11732 (7842) Waldemaro, Danorum regi, significat, se Suenoni Arusiensi et Nicolao
737 1598 2644 1669 Vibergensi episcopis negotium dedisse, commonerent Margaretam, nobilem mulierem,
731 1656 2644 1715 ut terram de Culsne et ecclesiae Wengensis ornamenta fratribus Calvensibus resti-
729 1713 2644 1779 tueret. Monachis ut opituletur, monet. Langebek SS. R. Dan. V. 246, Migne 200
729 1760 1495 1830 p. 651. — „Noverit excellentia“.
154 1815 335 1888 „ 24.
439 1826 552 1892 „
678 1808 2646 1885 11733 (7843) T(homae), archiepiscopo Cantuariensi, praecipit, „ut, si Henricus, Anglo-
729 1881 2644 1936 rum rex, filium suum coronari voluerit et in regem inungi, ei manum nequaquam
729 1932 2642 1998 imponat, nec ab alio quolibet imponi permittat, nisi prius illud iuramentum exhibeat,
729 1989 2644 2047 quod alii reges, eius praedecessores ecclesiae Dei et specialiter Cantuariensi impen-
729 2049 2644 2104 dere consueverunt, et nisi universos ab observatione consuetudinum suarum et sacra-
729 2100 2642 2157 mentis illis, quae ultimo ab hominibus Angliae extorta fuerunt, prorsus absolvat“.
733 2153 2644 2214 Wilkins Conc. I. 458, (Epist. S. Thomae ed. Lupus p. 683, ed. Giles II. 26, Migne
729 2201 1877 2274 200 p. 652). — „Ex commissi vobis (al. nobis)“.
165 2248 2638 2327 „ 26. ap. Cerumar 11734 (7844) Rogero, archiepiscopo Eboracensi, apostolicae sedis legato, Hugoni Dunél.-
349 2318 642 2387 (al. ap. Cis-
718 2318 2640 2380 mensi et universis episcopis Angliae interdicit, „ut si illustris rex Anglorum filium
375 2373 618 2446 vinarium)
722 2365 2642 2435 suum, dum Thomas, Cantuariensis archiepiscopus, in exilio fuerit, coronari voluerit
724 2431 2638 2493 et in regem inungi, nullus ei manum imponere praesumat“. Wilkins Conc. I. 459,
724 2482 2642 2550 Rymer Foedera I. 25, Mansi XXI. 898, (Epist. S. Thomae ed. Lupus p. 682, ed.
722 2537 2640 2605 Giles II. 47, Migne 200 p. 653). Cf. Reuter II. 683. — „Quoniam ad audientiam“.
128 2521 236 2674 („)
671 2590 2640 2652 11735 (7845) Rogero, archiepiscopo Eboracensi, et omnibus episcopis Angliae inter-
726 2643 2638 2716 dicit, ne ecclesiae Cantuariensis iura laedant. Epist. S. Thomae ed. Lupus p. 682,
722 2703 2238 2769 ed. Giles II. 46, Migne 200 p. 653. — „Quantae auctoritatis et“.
156 2738 335 2822 „ 26.
395 2736 600 2809 Harene
673 2756 2640 2820 11736 Henrico, abbati S. Petri Pratellensi, asserit ecclesiam S. Audoeni de Brotona
368 2804 618 2873 (Cairani?)
726 2815 2640 2873 cum universis beneficiis, a Roberto comite de Mellent concessam. („Carta data
722 2868 2640 2930 Harene per manum magistri Graciani IIII. kal. Martii“. Non est, cur bullae fidem
722 2923 2640 2983 suspicemur, licet clausulam a librario nescio quo aut valde corruptam aut omnino
724 2979 2642 3043 additam esse pateat. Annum 1170 Iafféus statuit, quocum bullam Leop. Delisle
724 3027 2642 3091 communicaverat; idemque inter uncos apposuit „Cairani“?) In Archiv dép. de l'Eure
726 3089 2569 3144 in Evreux, Cartul. de St.-Pierre-de-Préaux f. 7B. — „Iustis petentium desideriis“.
117 3122 623 3199 Mart. 5.  ap. S. Ger-
669 3133 2642 3202 11737 (7846) Quendam monet, ne ab Haiderico, propterea quod nepos eius puer inter
402 3195 589 3263 manum
724 3202 2640 3255 sagittandum necatus sit, centum solidos expostulet. (Pro: „III. non. Maii“ leg.:
726 3250 2642 3314 „III. non. Martias“.) Martene Coll. II. 821, Migne 200 p. 653. — „Ex latore prae-
724 3303 950 3361 sentium“.
143 3341 333 3469 „ 7.
441 3345 565 3597 „
669 3341 2640 3420 11738 (7847) Henrico, archiepiscopo Remensi, mandat, ut Harduinum aliosque, qui
722 3407 2640 3489 „in Balduinum presbyterum violentas manus iniecerint“, excommunicet. Martene
720 3469 2061 3577 Coll. II. 829. Migue 200 p. 654. — „Suerelam Balduini“.
914 152 1840 245 ALEXANDER III. 1159— 1181.
2523 152 2644 251 231
