3007 3975
322 159 448 247 232
872 300 2790 390 1170. (Ind. 3. — 25. Sept. — 4, pont. a. 11. — 20. Sept. — 12, 1169. — 25. Nart. — 1170.)
344 366 857 461 Mart. 7. ap. S. Ger-
894 388 2867 459 11739 (7848) Henrico, archiepiscopo Remensi, mandat, hortetur G. et Hu. sacerdotes,
629 446 821 530 manum
954 448 2865 516 ut A. latori huius epistolae ablatam ecclesiam restituant. Martene Coll. II. 820,
952 499 1986 560 Migne 200 p. 654. — „Ex conquestione A.“
384 545 561 624 „ 10.
671 549 777 631 „
905 549 2870 622 11740 (7849) B. decano et capitulo S. Martini Turonensi praescribit, ut „omnia, quae
958 602 2865 680 W(illelmus), Senonensis archiepiscopus, ac sedis apostolicae legatus, et Stephanus,
952 664 2867 726 Meldensis episcopus, de capituli reditibus et praeposituris statuerint, firmiter obser-
954 722 2865 790 vent; ac eis iniungit, ut processio purificationis b. Mariae candelis redditis, ut soleant,
952 779 2867 843 perpetuo deinceps celebretur“. Rec. sur S. Martin de Tours piéces iustif. p. 21,
950 823 1853 892 teste Bréquigny Table chron. III. 313.
380 803 2867 951 „ I. aaavaex prve v.  ua c- pas. a ema uaesessan a 1. a vn. ert. v. ia
585 931 863 1011 de Canneto
947 931 2299 1004 Martii“). Annal. Ceccanenses 1170 in MG. SS. XIX. 286.
380 987 567 1062 „ 16?
625 991 821 1064 Verulas
899 989 2867 1060 pervenit. Vide Annales Ceccanensis 1170 in MG. SS. XIX. 286, ubi pro „XV. kal.
950 1044 2867 1115 Apr.“ legendum videtur „XVII. kal. Apr.“, quo die papam Verulis fuisse ex subsequen-
952 1110 1367 1168 tibus bullis patet.
380 1130 558 1234 „ 16.
634 1150 824 1227 Verulis
897 1157 2867 1221 11741 (7861) Canonicis Pisanis „venditiones vel infeudationes sive alienationes aut
950 1214 2865 1276 obligationes, quas intrusus abbas monasterii Sextensis de thesauro vel possessionibus
952 1269 2865 1331 monasterii fecit, cassatas“ nunciat. Ughelli It. sacr. III. 405, Mittarelli Ann. Cam.
954 1322 2865 1393 IV. app. p. 30, Migne 200 p. 663. (Autographum bullae praebet: „XVII. kal. Apr.“,
950 1375 2359 1439 vide Pflugk-Harttung Iter p. 75.) — „Qualiter monasterium“.
382 1424 558 1530 „ 16.
682 1428 768 1501 „
901 1439 2865 1501 11742 (7852) Henricum, archiepiscopum Remensem, hortatur, ut Galterum sacerdotem,
950 1492 2865 1554 „qui in huius turbationis principio ex episcopatu Tullensi propter schismaticorum
950 1545 2863 1607 malitiam ad partes Remenses cum matre, fratre quoque et sorore diverterit“, clericum
947 1603 2865 1665 ordinet, munerique praeponat. („XVII. kal. Apr.“) Martene Coll. II. 822, Migne 200
947 1651 1745 1720 p. 656. — „Ex transmissa nobis“.
373 1702 558 1793 „ 18.
680 1700 771 1804 „
899 1704 2865 1771 11743 Ab Henrico, quondam episcopo Trecensi, constitutum in ecclesia cathedrali „loco
947 1768 2867 1832 praepositurae decanatum“ confirmat. Lalore Coll. des cartul. V. 34. — „Ad aures
943 1817 1155 1885 nostras“.
373 1835 554 1943 „ 18.
682 1877 773 1941 „
899 1870 2865 1945 11744 (7850) Quibusdam mandat, iudicent inter Gerardum et Ar., de hereditate con-
943 1930 2865 2000 sanguinei cuiusdam, nomine Manger, litigantes. Martene Coll. II. 822, Migne 200
945 1985 1681 2049 p. 655. — „Querelam Girardi“.
375 2029 558 2111 „ 18.
682 2036 762 2117 „
899 2029 2865 2104 11745 (7851) Henrico, archiepiscopo Remensi, praecipit, ut „suffraganeis suis et prae-
947 2089 2865 2155 sertim B(artholomaeo) Bellovacensi episcopo nullum contra sanctorum patrum statuta
954 2155 2863 2210 vel praeter antecessorum suorum antiquam et rationabilem consuetudinem gravamen
947 2203 2858 2274 infligat“. Martene Coll. II. 823, Bouquet Rec. XV. 881, Migne 200 p. 655. —
947 2250 1283 2325 „Sicut tibi a“.
377 2305 556 2382 „ 20.
689 2309 760 2385 „
899 2301 2865 2376 11746 (7853) Henrico, archiepiscopo Remensi, mandat, ut Arwinum ab abbate S. Remigii
945 2367 2861 2431 excommunicatione absolutum, nisi Rolando ablata intra dies 15 restituerit, iterum
945 2415 2865 2486 excommunicet. Martene Coll. II. 823, Migne 200 p. 657. — „Conquerente nobis
943 2477 1184 2544 Rolando“.
377 2513 558 2599 „ 21.
684 2532 768 2599 „
894 2528 2863 2599 Lconatem, abbatem Piscariensem, ecclesiae Romanae diaconum facit „XII. kal. Apr.,
947 2585 2863 2663 sabbato ante dominicam de passione“. Chron. Casaur. 1170 ap. Muratori R. It. SS.
947 2634 1221 2703 II. II. 907.
366 2643 558 2813 „„
671 2694 777 2764 „
899 2680 2865 2760 11747 Universis consulibus civitatum Lombardiae, Marchiae et Romagnolae et aliis
945 2753 2863 2813 omnibus tam minoribus quam maioribus in societate et coniunctione Lombardorum
947 2806 2863 2868 existentibus nuntiat, sese eorum consules et rectores ad sedem apostolicam venientes
952 2859 2863 2930 „pro verbo, quod (Eberhardus) Pavember(gensis) episcopus ex parte F(riderici) de-
947 2912 2861 2981 tulerit“, benigne recepisse omnibusque cardinalium consiliis „licet praeter ecclesiae
947 2970 2861 3036 consuetudinem fuerit“, interesse fecisse. „Inter quae“ inquit „idem Pavember(gensis)
947 3027 2858 3093 hoc unum adiecit, quod F(ridericus) de persona nostra, sive de honore et dignitate,
947 3080 2858 3142 quam licet insufficientes habemus, nullam nobis quaestionem movebat, sed alia quae-
947 3133 2858 3199 dam sibi fieri postulavit, quibus sicut nec debuimus non duximus aliquatenus acqui-
950 3188 2861 3250 escendum.  Quae autem illa fuerint, praenominati consules vobis poterunt voce viva
950 3244 2858 3314 plenius aperire.“ Scribit, se ad pacem et tranquillitatem Lombardiae conservandam
947 3299 2858 3361 (Udalrico) patriarchae Aquileiensi, (Galdino) archiepiscopo Mediolanensi, et Odoni.
950 3354 2861 3414 S. Nicolai in carcere Tulliano diacono cardinali, apost. sed. legatis, ac universis epi-
950 3398 2856 3471 scopis per civitates eorum constitutis, mandasse, ut si qui coniurationem contra foedus
950 3460 2856 3562 corum fecerint, eos encommunicent. Addit haec: „Ceterum si Tusci vobis adiungi
1131 150 2061 240 ALEXANDER III. 1159—1181.
