3007 3975
662 287 2569 386 1170. (Ind. 3. — 25. Sept. — 4, pont. a. 11. — 20. Sept. — 12, 1169. — 25. Mart. — 1170.)
740 368 2657 437 noluerint, et in vestra civitate manere, vos stratam per Tusciam dirigi nullatenus
740 426 2657 499 permittatis, sed Parmensibus firmiter iniungatis, quod eam per civitatem suam et
742 485 2655 543 sic versus Bononiam faciant teneri, et a Tuscia donec vobis iungatur penitus pro-
740 534 2655 600 hiberi; . . . nihilominus etiam vobis iniungimus, ut mercatores de Tuscia in terris
746 600 2657 653 vestris nec manere nec mercari neque venire sinatis, neque vestros seu ultramontanos
740 647 2655 715 negotiatores ad eos transire quomodolibet permittatis“. (Verba „Ceterum si —
742 700 2657 768 prohiberi“ corrupta falsoque loco posita esse, contendit Prutz II. 179; qua ratione
742 757 2657 817 non video.) Boselli Storie Piacentine p. 322, Böhmer Acta imp. sel. II. 600: „VIIII.
746 812 2660 878 kal. Apr.“, Vignati Stor. dipl. della lega Lomb. p. 201, Vignati Cod. dipl. Laud.
740 859 1820 934 II. 60: „VI. kal. Apr.“. — „Non est dubium“.
426 874 609 1013 Verdbi.
689 907 2657 987 11748 (7854) Firmano, Asculano, Camerinensi episcopis, et G. subdiacono suo, Auxi-
136 870 355 1011 Mana 25.
740 980 2655 1037 mano procuratori, et Fontis Avellani priori mandat, ut monasterii Piscariensis pos-
744 1033 2657 1093 sessiones iniuste occupatas Leonati abbati restitui iubeant. Chron. Casaur. ap. Mura-
742 1088 2280 1150 tori R. It. SS. II. II. 912, Migne 200 p. 657. — „Quanto dilecti“.
691 1132 2657 1210 11749 Eustachio abbati et fratribus S. Petri Selincurtensis privilegium concedit. Neues
170 1113 351 1221 „ 25.
483 1154 561 1223 „
740 1192 1601 1263 Archiv VII. 99. — „Cum inter vos“.
691 1232 2655 1320 11750 (7855) P. decano et toti capitulo Suessionensi praecipit, ut P., clerico Ludovici
167 1216 349 1336 „ 26.
483 1207 561 1340 „
740 1298 2653 1371 Francorum regis, subtractum praebendae reditum restituant. Martene Coll. II. 824,
742 1362 2191 1419 Bouquet Rec. XV. 882, Migne 200 p. 658. — „Quanta sit in“.
687 1413 2655 1477 11751 (7856) Praepositum, decanum et archidiaconum et universum capitulum Autis-
468 1386 574 1512 („)
143 1400 251 1519 („)
740 1477 2655 1532 siodorense hortatur, ut magistro P. „beneficium praebendae suae, quam in ecclesia
740 1519 2655 1585 eorum possideat, usque ad triennium, vel saltem usque biennium concedant“. Du-
742 1587 2657 1651 chesne HI. Fr. SS. IV. 688, Bouquet Rec. XV. 882, Migne 200 p. 658. — „Invitat
740 1629 1014 1698 nos officii“.
689 1676 2655 1757 11752 (7857) Henrico, archiepiscopo Remensi, mandat, ut fratrum Compendiensium
165 1667 346 1788 „ 26.
479 1718 567 1821 „„
742 1753 2653 1806 iura tueatur, resque ablatas iis restitui cogat. Martene Coll. II. 825, Bouquet Rec.
742 1793 2048 1859 XV. 884, Migne 200 p. 659. — „Conquesti sunt nobis“.
689 1843 2655 1916 11753 (7858) Quibusdam mandat, ut inter Nicolaum, civem Catalaunensem, et magi-
167 1826 349 1943 „ 25.
472 1808 565 1980 „
737 1903 2651 1974 strum domus S. Iacobi iudicium faciant. Martene Coll. II. 826, Migne 200 p. 659.
740 1969 1354 2033 — „Suggestum est nobis“.
689 2011 2653 2084 11754 (7859) (Henrico) Remensi et (Rotrodo) Rotomagensi archiepiscopis mandat, ut
167 2005 342 2084 „ 29.
466 1965 567 2128 „
737 2069 2655 2135 ecclesiam S. Petri Selincurtensem ab adversariorum iniuriis tueantur, eosque ad resti-
740 2131 2653 2195 tuenda ablata cogant. Martene Coll. II. 826, Bouquet Rec. XV. 883, Migne 200
737 2181 1612 2245 p. 660. — „Ad hoc cura universalis“.
687 2237 2653 2312 11755 *Ecclesiac Caietanae privilegia et possessiones, petente Rainaldo episcopo, con-
170 2208 344 2305 „ 29.
472 2219 552 2351 „
733 2294 1623 2362 firmat. D'Avino Cenni storici p. 238.
687 2340 2653 2409 11756 Ecclesiam Lingonensem tuendam suscipit eiusque possessiones confirmat, petente
172 2336 342 2422 „ 30.
463 2345 563 2464 „
740 2402 2651 2464 Waltero episcopo. (Clausula deest.) In bibl. nat. Paris. Cart. Lingon. ms. lat. 17100.
737 2464 2651 2521 s. XVIII. f. 4, cf. Fyot Hist. de St.-Etienne de Dijon Pr. p. 43, (Ad hanc, nisi fallor,
733 2510 2651 2577 bullam pertinet clausula, quae praebetur in Neues Archiv VII. 99). — „In eminenti
731 2563 1608 2625 apostolicae sedis“ „In eminenti sedis“.
165 2603 342 2703 „ 30.
687 2616 2651 2687 11757 (7860) Ecclesiam S. Mammetis Lingonensem tuendam suscipit, bonaque eius
470 2532 558 2711 „
735 2685 2651 2742 confirmat, petente Manasse decano. Gall. Chr. IV. Instr. p. 184, Migne 200 p. 661.
740 2740 1268 2802 — „Officii nostri nos“.
128 2773 346 2853 Apr. 2.
684 2786 2649 2848 11758 (7862) Monasterium S. Geruntii Calliense tuendum suscipit et eius bona con-
475 2789 556 2855 „
731 2844 2649 2912 firmat, petente Alloderio abbate. Ughelli It. sacr. II. 813. — „Iustis religiosorum“.
687 2901 2649 2961 11759 (7863) Henrico, archiepiscopo Remensi, mandat, ut Iohannem, canonicum Lau-
163 2884 344 2963 „ 2.
461 2877 561 3036 „
733 2952 2646 3018 dunensem, et He. mulierem, de hereditate litigantes, ad (Theobaldum) episcopum
735 2998 2640 3074 Ambianensem in ius adire compellat. Martene Coll. II. 827, Migne 200 p. 663. —
735 3065 1248 3127 „Causam, quae inter“.
687 3107 2649 3180 11760 (7864) Henricum, archiepiscopum Remensem, ut Stephanum canonicum muneri
159 3098 344 3188 „ 2.
450 3102 558 3193 „
735 3177 2649 3237 praeficiat, hortatur petente „B(eatrice) relicta bonae memoriae R(ogerii) quondam
731 3224 2642 3303 Siciliae regis“. Martene Coll. II. 828, Bouquet Rec. XV. 884, Migne 200 p. 664. —
733 3274 1215 3339 „Quanto rarius tibi“.
684 3325 2649 3405 11761 (7865) Henrico, archiepiscopo Remensi, de Stephani canonici et abbatis S. Remigii
161 3332 349 3407 „ 2.
466 3336 550 3438 „
733 3392 2644 3480 controwersia mandata dat. Martene Coll. II. 829, Migne 200 p. 664. — „Iam pridem
733 3436 956 3557 Gfectas“.
159 3498 740 3597 Pegesta Pont. Ronau. Re gs 1t.
2295 3498 2372 3590 30
925 130 1851 240 ALEXANDER III. 1159—1181.
2529 136 2660 242 233
