3007 3975
302 181 426 249 234
848 309 2757 401 1170. (Ind. 3. — 25. Sept. — 4, pont a. 11. — 20. Sept. — 12, 1169. — 25. Mart. — 1170.)
320 379 541 507 Apr. 5.
616 364 795 501 Veruf.
879 401 2839 461 11762 Fulcando, abbati S. Iohannis de Valeia, asserit „annuale praebendarum ecclesiae
925 446 2834 514 Carnotensis, a W(illelmo), archiepiscopo Senonensi, apostolicae sedis legato, concessum“.
932 514 2839 574 Ex chartul. S. Iohannis in Valle ms. lat. 5481. p. 157 in bibl. nat. Paris. Misit
925 554 1617 620 Delisle. — „Significatum est“.
351 596 536 719 „ 5.
669 647 746 700 „
879 602 2841 684 11763 Ecclesiae Glasguensis patrocinium suscipit, ac possessiones confirmat, petente
927 677 2741 737 Engelranno episcopo. Registrum ep. Glasg. I. 23. — „In eminenti apostolice“.
353 724 541 828 „ 7.
667 757 744 828 „
881 728 2841 808 11764 Canonicis S. Crucis Aurelianensibus ecclesias quasdam, a M(anasse) episcopo
930 801 2841 865 concessas, asserit. In bibl. nat. Paris. Coll. Baluze t. 78. f. 15. — „Iustis petentium
925 843 1186 916 desideriis“.
355 887 539 991 „ 11.
676 887 742 1002 „
879 876 2843 973 11765 Fratribus S. Aegidii mandat, praecipiant monachis suis „obedientiariis“ ne alias
927 965 2841 1020 quam monasterii ecclesias administrandas recipiant, utque, si quas detineant, omnino
927 1022 2509 1071 dimittant. Goiffon Bull. de St.-Gilles p. 81. — „Relatum est nobis“.
360 1046 541 1154 „ 17.
665 1088 757 1166 „
881 1060 2843 1132 11766 Monasterii Bonae-vallis protectionem suscipit, possessionesque confirmat, petente
932 1128 2841 1196 Hugone abbate. In chartul. Bonavallensi, quod composuit et possidet Ulyxes Che-
932 1170 1363 1238 valier Romanensis.
351 1210 528 1322 „ 17
669 1252 753 1336 „
883 1219 2845 1296 11767 Monasterii Molismensis tutelam suscipit, possessionesque et iura confirmat, petente
932 1289 2839 1358 Theobaldo abbate. Pflugk-Harttung Acta I. 244. — „Iustis petentium desideriis“.
355 1344 539 1439 „ 18.
673 1362 748 1437 „
879 1351 2839 1426 11768 (7866) Iohanni, episcopo Bononiensi, eiusque successoribus bona, ab Anastasio IV.
932 1408 2841 1470 Gerardo episcopo pro libris centum per emphyteusin data, asserit ea lege, ut epi-
932 1470 2841 1534 scopi duas argenti puri libras quotannis sedi Romanae persolvant. (Notae chrono-
934 1525 2766 1578 logicae sunt corruptae.) Savioli Ann. Bol. II. II. 27. — „Sacrosancta Romana“.
364 1570 539 1671 „ 20.
667 1587 760 1680 „
881 1578 2843 1636 11769 Fratribus Molismensibus possessiones quasdam asserit. Quantin Cart. gén. de
930 1625 2744 1687 l'Vonne II. 293, Pflugk-Harttung Acta I. 247. — „Iustis petentium desideriis“.
360 1662 534 1764 „ 20.
667 1676 760 1835 „
883 1684 2843 1744 11770 Monasterium b. Mariae Viconiense tuendum suscipit, possessionesque et privilegia
932 1742 2843 1804 confirmat, petente Stephano abbate. In bibl. nat. Paris. Coll. Moreau t. 76. f. 104,
932 1784 2158 1863 (Neues Archiv VII. 99). — „Quotiens illud a nobis“.
357 1821 539 1932 „ 22.
667 1843 762 1932 „
881 1839 2845 1912 11771 (7867) Henricum, archiepiscopum Remensem, hortatur, ut ecclesiam Viconiensem
932 1905 2830 1983 ab adversariorum iniuriis defendat. Martene Coll. II. 829, Migne 200 p. 665. —
932 1961 1383 2025 „Audierunt plures“.
364 2011 541 2097 „ 24.
665 2027 766 2097 „
881 2007 2845 2093 11772 (7868) Henrico, archiepiscopo Remensi, mandat, ut ecclesiam Viconiensem, aere
932 2075 2845 2146 alieno oppressam, „a solutione usurarum absolvat“. (Pro „VIII. kal. Martii“ leg.
934 2135 2847 2206 „VIII. kal. Maias“.) Martene Coll. II. 831, Bouquet Rec. XV. 884, Migne 200 p. 666.
934 2190 1592 2252 — „Gravamina Viconiensis“.
360 2223 543 2325 „ 24.
669 2208 762 2327 „
883 2232 2847 2307 11773 (7869) Po. decano et toti capitulo Suessionensi praecipit, ut Petrum canonicum
934 2301 2847 2360 excommunicatum et eiectum in integrum restituant. Martene Coll. II. 830, Migne
934 2347 1650 2418 200 p. 665. — „Cum tu, fili“.
362 2391 545 2479 „ 24.
671 2402 751 2526 „
881 2393 2847 2468 11774 Capitulo Pisano nuntiat, controversiam eius cum monachis S. Ruxorii super
934 2464 2847 2539 parte quadam Tumuli compositam esse. Pflugk-Harttung Iter p. 271. — „Sicut
932 2519 1217 2583 equum est“.
364 2566 545 2647 „ 25.
673 2581 757 2643 „
883 2568 2850 2630 11775 Ecclesiae S. Martini Turonensis tutelam suscipit possessionesque et privilegia
936 2632 2847 2696 confirmat, petente Bartholomaeo decano. Ex bibl. nat. Paris. Coll. Baluze t. 385.
932 2680 2116 2749 n. 246. Misit Delisle. — „Cum omnibus ecclesiis“.
364 2731 541 2817 „ 26.
673 2740 755 2853 „
883 2744 2850 2806 11776 Monasterii S. Silvestri Nonantulani possessiones et iura confirmat, petente Albe-
934 2795 2448 2870 rico abbate. Pflugk-Harttung Iter p. 271. — „Apostolicae sedis“.
366 2837 545 2928 „ 26.
671 2837 755 2937 „
883 2846 2850 2917 11777 (7870) A(lberico) abbati et fratribus et universo clero et populo Nonantulano
934 2912 2847 2974 affirmat, (Henrico) episcopo Mutinensi privilegium in monasterii iniuriam tributum
934 2956 2847 3027 non esse. Tiraboschi St. di Non. II. 303, Migne 200 p. 667. Cf. Pflugk-Harttung
936 3018 2350 3087 Iter p. 64. — „Comperto ex relatione“ „Comperto nobis ex“.
366 3060 547 3144 „ 26.
669 3080 762 3191 „
888 3076 2850 3135 11778 Hen(rico) episcopo Mutinensi, sese litteras apostolicas habere, quibus libertates
934 3129 2850 3191 monasterii Nonantulani diminuantur, iactanti, scribit, sola privilegia, quae sint bulla
934 3177 2662 3244 munita, valere. Pflugk-Harttung Iter p. 271. — „Dilectissimum abbatem“.
362 3230 545 3334 „ 26.
671 3230 755 3339 „
890 3239 2847 3314 11779 (7871) Sententiam ab Odone, S. Nicolai in carcere Tulliano diacono cardinali,
936 3305 2850 3363 legato apostolico, de S. Benedicti ecclesia latam inter monachos Nonantulanos et
934 3354 2850 3420 Offredum, episcopum Cremonensem, confirmat. Tiraboschi St. di Non. II. 293, Migne
938 3407 1884 3478 200 p. 668. — „Ea, que ab apostolice“.
368 3440 552 3575 „ 36.
678 3469 740 3553 „
888 3456 2847 3579 11780 (7873) Henrice, arebiepiscopo Remensi, mandst, ut Petro, canonico Suessionenst.
1106 159 2032 253 ALEXANDER III. 1159—1181.
