3007 3975
656 306 2565 390 1170. (Ind. 3. — 25. Sept. — 4, pont. a. 11. — 20. Sept. — 12, 1169. — 25 Mart. — 1170.)
737 375 2653 452 praebendam ablatam, nisi decanus et capitulum eam reddiderint, ipse reddat. Mar-
740 441 2651 499 tene Coll. II. 832, Bouquet Rec. XV, 885, Migne 200 p. 669. — „Ad tuae discretionis“.
691 490 2653 558 11781 (7873) Canonicis Pisanis, quod G., notarium suum, ecclesiae Pisanae canonicum
424 446 609 567 Verufi-
139 452 351 571 Apr 21.
742 545 2655 618 elegerint, gratias agit. Eorum cum S. Savini monachis controversiam archiepiscopi
742 611 2657 669 arbitrio commissam esse. Ughelli It. sacr. III. 404, Mittarelli Ann. Cam. IV. app.
740 651 1891 724 p. 31, Migne 200 p.669. — „Devotionis vestrae“,
693 711 2657 783 11782 (7890) Ad monasterii Piscariensis ecclesiam, qui die translationis corporis S. Cle-
174 717 351 797 „ 28.
488 717 556 795 „
744 777 2657 830 mentis papae accesserint, iis peccata condonat. Chron. Casaur. ap. Muratori R.
740 819 2048 892 It. SS. II. II. 907, Migne 200 p. 682. — „Licet omnes“.
691 872 2660 942 11783 Ecclesiae S. Iohannis de Vineis concessam a capitulo Suessionensi cum assensu
174 832 351 967 „ 29.
477 876 563 987 „
744 936 2660 991 b. m. Gosleni episcopi ecclesiam S. Martini de Monte-Mirelli confirmat. Chartul.
740 980 2662 1053 S. Ioh. de Vineis s. XIII. ms. lat. 11004. f. 11“ in bibl. nat. Paris. — „Iustis peten-
740 1042 1126 1110 tium desideriis“.
695 1093 2662 1163 11784 (7874) Universo capitulo abbatum Praemonstratensis ordinis interdicit, ne pro
176 1090 353 1179 „ 29.
479 1106 565 1185 „
744 1154 2660 1219 abbate initiando palafredum dari archidiaconis sinant. Le Paige Bibl. Praem. p. 630,
746 1203 1798 1269 Migne 200 p. 670. — „Inhonestis et pravis“.
695 1263 2662 1327 11785 W. decano et capitulo (S. Leodegarii) Suessionensi asserit facultatem malefactorum
125 1205 357 1351 Apr. Rai.
479 1269 570 1344 „
742 1320 2662 1380 ecclesiae excommunicandorum „episcopo inconsulto“. (Pro „Verat. II. Martii“ legendum
746 1378 2660 1448 esse puto „Verulis II. . . . Maii“.) Pécheur Cartul. de S. Léger de Soissons p. 40. —
746 1428 1144 1495 „Cum inter vos“.
695 1481 2662 1545 11786 (7875) Po. decano et toti capitulo Suessionensi praecipit, ut „P(etrum) canonicum
143 1472 357 1567 Mai. 1.
477 1495 567 1554 „
742 1541 2660 1607 fructus praebendae suae integre faciant possidere, et quamdiu fuerit in servitio eccle-
746 1596 2660 1651 siae, vel episcopi, aut in scholis, sine iudicio et legitima citatione eum fructibus
744 1651 2657 1715 praebendae privare nullatenus praesumant“. Martene Coll. II. 832, Bouquet Rec.
746 1700 2218 1773 XV. 886, Migne 200 p. 670. — „Iniunctum nobis apostolatus“.
698 1757 2662 1819 11787 (7876) Henricum, archiepiscopum Remensem, iam iterum monet, ut Balduino de
181 1764 357 1843 „ 1.
481 1749 567 1841 „
746 1813 2662 1879 cancellaria ecclesiae Noviomensis „nullam molestiam inferat“. Martene Coll. II. 833,
748 1874 1665 1925 Migne 200 p. 671. — „Non excidit a“.
698 1925 2662 1989 11788 (7877) Henrico, archiepiscopo Remensi, mandat, ut Guidonis consanguineos,
181 1932 355 1991 „ 3.
472 1925 574 1987 „
746 1978 2662 2042 propter violatam P. Berengaudi domum a (Guidone) episcopo Catalaunensi anathe-
748 2036 2660 2093 matizatos, „sine banno, cum ei, cui damnum intulerint, satisfecerint, prorsus absolvat“.
748 2091 2377 2155 Martene Coll. II. 833, Migne 200 p. 671. — „Pervenit ad nos, quod“.
695 2144 2662 2208 11789 (7878) Monasterium Casae Marii tuendum suscipit et eius bona ac iura confirmat,
183 2115 351 2219 „ 9.
479 2142 576 2272 „
746 2199 2660 2267 petente Gregorio abbate. Ughelli It. sacr. I. 1392, Rondinini Mon. Casaemar. brev.
746 2248 2209 2312 hist. p. 24, Migne 200 p. 671. — „Piae postulatio voluntatis“.
698 2296 2664 2373 11790 Radulpho decano et canonicis Ambianensibus altaria de Blangio et Kaagium
192 2287 357 2380 10.
488 2303 578 2449 „
751 2354 2660 2426 „cum quibusdam hospitibus et pertinentiis“ asserit. (Fragmentum.) Thierry Rec.
746 2418 2337 2484 des mon. inéd. I. 58, (Neues Archiv VII. 99). — „Iustis petentium“.
695 2471 2662 2532 11791 (7879) F. decano et capitulo Remensi praecipit, ut Robertum presbyterum in-
185 2460 360 2557 „ 12.
483 2449 572 2548 „
751 2526 2662 2597 sidiose accusatum „absque actione alicuius pecuniae absolvant“. Martene Coll. II. 834,
748 2574 1745 2647 Migne 200 p. 674. — „Querelam Roberti“.
695 2632 2660 2698 11792 (7880) Richardum priorem et capitulum S. Victoris Parisiensis hortatur, ut Er-
187 2638 366 2705 „ 13.
481 2643 574 2714 „
751 2691 2662 2758 visio abbati obediant; cui mandatum sit, „ut negotia ecclesiae tam intrinseca quam
748 2749 2660 2815 extrinseca cum consilio maioris et sanioris partis capituli dirigat et pertractet“.
751 2793 2662 2862 Richardi S. Victoris Paris. Opp. ed. Rotomag. in pag. secunda praefationis. (Martene
748 2848 2620 2923 Coll. VI. 264, Bouquet Rec. XV. 886, Migne 200 p. 675.) — „Saepius dilectum“.
700 2906 2662 2981 11793 (7881) Pacem ab Hugone, episcopo Rutenensi, et eius fratre, Hugone comite
187 2888 368 2979 „ 14.
479 2901 581 2992 „
751 2963 2664 3029 Rutenensi, constitutam comprobat. (Aliena verba sunt: „pontificatus nostri anno
751 3025 2664 3082 secundo“.) Marca de primatu p. 409, Marcae diss. tres p. 281, Mansi XX. 889,
753 3078 2664 3144 et XXI. 1045, Gall. Chr. I. Instr. p. 51, Bouquet Rec. XV. 886, Migne 200 p. 675.
753 3131 1283 3193 — „Quoties ea, quae“.
704 3168 2666 3250 11794 (7882) (Gualtero), episcopo Tornacensi, permittit, ut, ob abundantiam posses-
190 3168 368 3250 „ 14.
479 3188 583 3268 „
757 3239 2666 3301 sionum ecclesiae suae numerum praebendarum ad quadraginta augeat. (Pro: „II. id.
760 3294 2666 3361 Martias“ leg. „II. id. Maias“.) Miraei Opp. dipl. II. 973, Gall. Chr. III. Instr. p. 48,
755 3336 1716 3414 Migne 200 p. 677. — „Significatum est“.
704 3398 2671 3469 11795 Parthenonis Burburgensis patrocinium suscipit possessionesque et privilegia con-
190 3398 375 3548 „16.
468 3350 581 3557 „
757 3460 2664 3557 firmat. petemto Caricia abbatissa. Cartul. de Labb. de Bourbourg. ms. lat. 9920. f. 41„
2299 3509 2399 3592 80*
921 141 1849 247 ALEXANDER III. 1159—1181.
2525 141 2657 245 235
