3007 3975
311 172 439 262 236
859 311 2770 410 1170. (Ind. 3. — 25. Sept. — 4, pont. a. 11. — 20. Sept. — 12, 1169. — 25. Mart. — 1170.)
943 401 2845 470 ms. lat. 9921 second livre f. 8“ in bibl. nat. Paris., (Wauters Table chron. II. 509,
936 461 2845 516 Coussemaker Notice p. 48). — „Quociens illud a nobis“ „Quotiens a nobis illud“
331 499 550 616 Mai. 21.
625 494 808 627 Verafi.
890 507 2847 578 11796 Ecclesiae Castellanae tutelam suscipit possessionesque et privilegia confirmat,
943 574 2852 640 petente lordano priore. Muxi Mem. eccl. di Città di Castello II. 88. — „Officii
936 627 1217 686 nostri nos“.
364 669 547 755 „ 21.
671 686 755 790 „
890 673 2852 742 11797 P(etro) abbati et fratribus Massiliensibus concedit, ne quis rebus ad monasterium
941 733 2852 803 pertinentibus iniurias inferre praesumat. Coll. des Cartulaires IX. 263. — „In apo-
934 783 1133 852 stolica“.
364 830 550 916 „ 21.
671 843 755 927 „
890 828 2854 903 11798 (7883) Henricum, archiepiscopum Remensem, hortatur, ut P. diaconum Sidone
938 901 2850 965 ordinatum, ex Oriente reducem, beneficio ecclesiastico impertiat. Martene Coll. II. 835,
938 954 2127 1007 Migne 200 p. 678. — „Dilectioni tuae notificamus“.
360 991 543 1090 „ 23.
676 991 748 1104 „
890 998 2850 1068 11799 (7884) Henrico, archiepiscopo Remensi, mandat, disceptet controversiam inter U.
934 1064 2850 1121 et fratres eius Nicolaum atque monachos Auncinences (Aquicinctinenses?) et contro-
941 1117 2847 1185 versiam inter fratres S. Foillani ac canonicos S. Vincentii. Martene Coll. II. 835,
934 1161 2063 1236 Migne 200 p. 678. — „Veniens ad apostolicae“.
364 1210 541 1305 „ 23.
662 1214 744 1331 „
885 1223 2850 1285 11800 (7885) Henrico, archiepiscopo Remensi, mandat, compellat vicedominum Pingin-
936 1278 2847 1347 niacensem, ut illata fratribus Caricampi damna reconcinnet. Martene Coll. II. 837,
936 1333 2713 1395 Bouquet Rec. XV. 887, Migne 200 p. 679. — „Ex transmissa conquestione“.
362 1373 543 1486 „ 23.
662 1375 757 1477 „
885 1393 2847 1457 11801 (7886) Henrico, archiepiscopo Remensi, mandat, compellat B. de S. Gualarico,
936 1448 2850 1510 ut fratribus Cari-campi debitas marcas 68 persolvat. Martene Coll. II. 838, Bouquet
936 1492 2319 1556 Rec. XV. 888, Migne 200 p. 679. — „Licet universis Dei“.
364 1539 541 1638 „ 25.
662 1466 757 1729 „
885 1550 2845 1618 11802 (7887) Henrico, archiepiscopo Remensi, nuntiat, Her. latorem huius epistolae,
936 1612 2847 1680 per I. vicearchidiaconum Remensem anathematizatum, a sese absolutum esse, eiusque
934 1656 2847 1724 causam arbitrio (Theobaldi) episcopi Ambianensis et F(ulconis) decani Remensis per-
932 1722 2783 1786 missam. Martene Coll. II. 839, Migne 200 p. 680. — „Veniens ad apostolicam“.
362 1740 541 1890 „ 28
669 1737 751 1890 „
883 1771 2847 1835 11803 (7888) F(ulconi) decano et capitulo Remensi mandat, ut Viviani presbyteri, de
934 1832 2847 1892 furto fraudulenter accusati ac per G(uidonem) episcopum Catalaunensem deiecti et
936 1885 2841 1943 excommunicati, causam diiudicent. Martene Coll. II. 839, Migne 200 p. 681. —
934 1932 1542 2005 „Veniens ad praesentiam“.
364 1976 543 2071 „ 26.
667 1976 746 2115 „
881 1987 2850 2055 11804 Parthenonis S. Austrebertae Mosteriolensis protectionem suscipit, possessionesque
932 2040 2847 2108 et privilegia confirmat, petente Ida abbatissa. Coll. Moreau t. 76. f. 108, Coll. Grenier
934 2097 2501 2161 t. 257. f. 199 in bibl. nat. Paris. — „Effectum iusta postulantibus“.
362 2128 543 2230 „ 27.
667 2146 755 2279 „
883 2153 2847 2219 11805 (7889) F(ulconi) decano et capitulo Remensi mandat, ut magistrum I., vicarium
932 2208 2847 2283 archidiaconi, et Thomam presbyterum, qui „in Theobaldum clericum violentas manus
932 2265 2845 2329 iniecerint et eum post factam ad ipsum appellationem carceri manciparint, ab omni
932 2320 2843 2378 officio et beneficio ecclesiastico suspendant et cxcommunicatos publice denuncient“,
932 2376 2845 2435 donec illi de illatis iniuriis satisfecerint. Martene Coll. II. 840, Migne 200 p. 681.
936 2438 1601 2497 — „Veniens ad apostolicae“.
357 2455 539 2597 „ 38.
656 2477 757 2605 „
881 2471 2847 2546 11806 (7894) Willelmo, archiepiscopo Senonensi, datum iam pridem Parisiis praeceptum
932 2541 2845 2603 renovat, ut, suffraganeis Parisios convocatis, Petri, quondam episcopi Parisiensis, sen-
934 2590 2845 2656 tentiam: „quod Christus secundum quod est homo, non est aliquid“, tollendam curet,
934 2652 2845 2714 ac docere magistros iubeat: esse, „Christum, sicut perfectum Deum, sic et perfectum
934 2698 2845 2769 hominem, ac verum hominem ex anima et corpore consistentem“. (Epistolam datam
936 2762 2845 2824 esse „Verulis V. kal. Iunii“ docet cop. s. XIII in bibl. nat. Paris. ms. lat. 16992.
932 2813 2843 2879 f. 138.) Mansi XXII. 119. 239, Gall. Chr. VII. Instr. p. 73, Bouquet Rec. XV. 968,
934 2866 1990 2937 Migne 200 p. 685. — „Cum in nostra olim“.
360 2908 539 3036 „ 29.
665 2910 748 3012 „
883 2917 2845 2990 11807 (7891) Episcopo cuidam mandat, ut Herbertum, civem Catalaunensem, a Rolando
936 2983 2847 3040 capellano post factam ad sedem apostolicam appellationem excommunicatum, absolvat.
934 3032 2673 3091 Martene Coll. II. 843, Migne 200 p. 683. — „Ex transmissa conquestione“.
656 3071 766 3197 („)
881 3076 2845 3151 11808 (7892) Willelmo, archiepiscopo Senonensi, respondet, „quoniam Londinensis epi-
932 3146 2841 3206 scopus (Gilbertus) ad sese nequaquam accessisset, nihil de causa se statuisse“.
936 3193 2843 3261 Affirmat, se de negotio Thomae, archiepiscopi Cantuariensis, post eius (Willelmi)
936 3255 2841 3312 discessum nihil mutasse, „licet“ inquit „rex Anglorum nos exinde per consules Lom-
934 3299 2843 3365 bardiae, qui una cum nuncio eius praesentes erant, et per nuncios carissimi in Christo
932 3363 2841 3422 filii nostri Manuelis, illustris Constantinopolitani imperatoris, instantissime sollicitaret,
934 3416 2841 3473 ut ei tempus deberemus aliquantulum prolongare“. Monet, ut (Rotrodum), archi-
932 3469 2841 3570 episcopum Rotomagensem. et Bernardum, episcopum Nivernensem, ad ensequenda
1122 161 2039 262 ALEXANDER III. 1159—1181.
