3007 3975
667 300 2582 388 1170. (Ind. 3. — 25. Sept. — 4, pont. a. 11. — 20. Sept. — 12, 1169. — 25. Mart. — 1170.)
748 377 2666 450 mandata sua adhortetur. Epist. S. Thomae ed. Giles II. 70, ed. Lupus p. 784,
751 441 2664 512 Mansi XXI. 900, Liverani Spicil. Liber. p. 548, Migne 200 p. 683. — „Litteras,
748 496 1042 560 quas nobis“.
139 530 357 680 ton. 2.
503 512 618 684 e.
700 534 2668 611 11809 (7893) (Petro) Bituricensi, (Henrico) Remensi, (loscio) Turonensi, (Rotrodo)
748 605 2668 666 Rotomagensi archiepiscopis mandat, ut „singuli in provincia sua, ascitis prudentibus
751 666 2668 726 et religiosis viris, pravam doctrinam, quam adhuc quidam teneant et praedicent,
751 706 2664 777 quod Christus secundum quod sit homo non sit aliquid, penitus abrogare curent,
751 775 2666 832 et Christum sicut perfectum Deum sic et perfectum ac verum hominem ex anima
748 817 2666 883 et corpore secundum quod homo consistentem tenendum et praedicandum praecipiant“.
748 876 2664 938 Martene Coll. II. 843, Bouquet Rec. XV. 888, Migne 200 p. 684. — „Eis, qui disponente“.
178 929 357 1020 „ 5.
475 929 574 1033 „
695 929 2666 995 11810 (7895) Hospitale S. Blasii iuxta Modoetiam tuendum suscipit, petente Ardico
748 980 2664 1055 magistro. Giulini Mem. d. Mil. VI. 542, Frisi Mem. d. Monza II. 69, Migne 200
746 1037 1325 1106 p. 685. — „Ad hoc in“.
176 1095 355 1168 „ 11.
481 1099 572 1172 „
695 1084 2668 1170 11811 Archiepiscopis, episcopis et aliis ecclesiarum praelatis mandat, ne fratres militiae
748 1154 2666 1219 templi super elemosynis a fidelibus collatis a quoquam vexari sinant. Prutz Malt.
746 1207 1789 1274 Urk. p. 41. n. 14. — („Quanto dilecti filii“.)
178 1254 357 1331 „ 15.
481 1254 572 1448 „
698 1258 2666 1325 11812 (7896) Decanum et capitulum ecclesiae Carnotensis hortatur, ut Philippo, filio
748 1311 2666 1384 Roberti comitis, „reditus praebendae suae non tamquam forinseco, sed tamquam
748 1369 2664 1439 intrinseco cum integritate reddant“. Martene Coll. II. 844, Bouquet Rec. XV. 889,
751 1426 1787 1486 Migne 200 p. 686. — „Quantum Philippus“.
181 1481 353 1561 „ 15.
475 1464 576 1634 „
698 1479 2671 1543 11813 (7897) Henricum, archiepiscopum Remensem, de litteris pro Philippo nepote eius
748 1534 2668 1598 ad (Willelmum) archiepiscopum Senonensem et ad capitulum Carnotense datis cer-
748 1587 2662 1662 tiorem facit. Martene Coll. II. 845, Bouquet Rec. XV. 889, Migne 200 p. 687. —
746 1640 1182 1711 „Probata fides et“.
183 1691 353 1773 „ 16.
481 1698 563 1830 „
695 1691 2668 1782 11814 (7898) Henrico, archiepiscopo Remensi, de decem auri marcis sibi donatis et
748 1753 2666 1821 „Eust. magistro militiae templi Parisius assignatis“ gratias agit. Fratres militiae
751 1817 2666 1879 templi commendat. Martene Coll. II. 845, Bouquet Rec. XV. 889, Migne 200 p. 687.
751 1874 1230 1936 — „Quod nobis in“.
181 1914 353 1994 „ 20.
475 1912 572 2062 „
695 1908 2666 1983 11815 (7899) Petente G(erardo), archiepiscopo Spalatino, confirmat legem, ne archi-
748 1983 2666 2038 episcoporum ad imperatorem Constantinopolitanum et ad Hungariae regem itinera
751 2033 2662 2093 clericis Spalatinis sumptum afferant. Farlati III. sacr. III. 192, Migne 200 p. 688. —
751 2080 1886 2148 „Quotiens ab apostolica“ („Quotiens apostolicae“).
178 2135 355 2210 „ 25.
483 2137 565 2217 „
695 2133 2666 2203 11816 (7900) Monasterium S. Stephani de Vallibus tuendum suscipit et eius bona iura-
748 2197 2662 2263 que confirmat, petente Willelmo abbate. Grasillier Cart. inéd. de la Saintonge I. 51,
748 2256 2501 2320 (Gall. Chr. II. Instr. p. 476, Migne 200 p. 688). — „Desiderium quod ad“.
143 2250 342 2378 Lun Int.
486 2303 570 2387 „
698 2296 2668 2367 11817 (7901) Henricum, archiepiscopum Remensem, hortatur, ne bona fratrum militiae
748 2362 2666 2429 templi violari patiatur. („Data II. Iulii“.) Martene Coll. II. 846, Migne 200 p. 690.
751 2420 1254 2484 — „Fratres militiae“.
143 2466 362 2550 Iul. 17.
475 2466 574 2594 „
700 2460 2666 2532 11818 (7902) H(enrico), archiepiscopo Remensi, mandat, ut Rad. de Cociaco, qui, „capella
748 2528 2666 2583 fratrum militiae templi confracta, hominem inde violenter extraxerit“, excommunicet.
751 2579 2666 2643 Martene Coll. II. 846, Bouquet Rec. XV. 890, Migne 200 p. 690. — „Referentibus
748 2627 1425 2703 nobis“ „Requirentibus nobis“.
185 2676 362 2775 „ 20.
472 2687 578 2775 „
698 2687 2666 2751 11819 Raimundo abbati et fratribus S. Ruffi concedit, ne de novalibus vel de nutri-
748 2747 2664 2809 mentis animalium decimas solvant, utque canonicos „cum episcopi opportunitatem
748 2802 2664 2864 non habuerint, tonsorare et coronam facere“ eis liceat. Codex dipl. ord. S. Ruffi,
748 2857 2666 2915 quem composuit et possidet Ulysses Chevalier Romanensis, f. 15. — „Iustis peten-
748 2915 1131 2976 tium desideriis“.
183 2952 364 3047 „ 21.
483 2959 572 3043 „
695 2961 2666 3032 11820 Canonicos S. Antonini Placentinos hortatur, ut hospitium aliaque debita obsequia
746 3012 2582 3076 episcopo Placentino praestent. Wiener Sitzungsber. XCIV. 669. — „Ex parfe“.
183 3058 364 3140 „ 21.
470 3069 576 3188 „
698 3071 2664 3142 11821 (7903) Henrico, archiepiscopo Remensi, scribit de milite quodam, in coemeterio
748 3131 2664 3186 fratrum militiae templi sepulto ac postea effosso, in eodem coemeterio iterum sepe-
748 3182 2657 3244 liendo nisi fuerit excommunicatus. Martene Coll. II. 847, Migne 200 p. 690. —
748 3230 1285 3294 „Significaverunt nobis“.
183 3281 366 3405 „ 25.
475 3233 576 3489 „
695 3281 2664 3356 11822 (7904) Henrico, archiepiscopo Remensi, mandat, ut Guidonem ecclesiae B. lohannis
751 3347 2660 3407 Suessionensis canonicum in eandem, quam deseruerit, ecclesiam, vel invito abbate,
748 3394 2660 3484 infra triginta dies post litterarum susceptionem reducat. Martene Coll. II. 847,
753 3456 1732 3559 Migne 206 p. 691. — „OfScii nostri mos“.
932 143 1851 245 ALEXANDER III. 1159—1181.
2538 152 2664 238 237
