3007 3975
298 170 424 242 238
839 309 2759 406 1170. (Ind. 3. — 25. Sept. — 4, pont. a. 11. — 20. Sept. — 12, 1169. — 25. Mart. — 1170.)
320 366 539 468 Iul. 30.
607 384 790 472 Verulis
872 384 2836 459 11823 (7905) (Petro) abbati S. Remigii, et Fulconi, decano Remensi, controversiam N.
923 450 2839 514 clerici laicorumque quorundam dirimendam delegat. Sirmondi Opp. III. 855, Mansi
925 494 2156 574 XXI. 925, Migne 200 p. 691. — „Ex litteris, quas“.
355 547 539 640 „ 30.
656 558 744 636 „
874 558 2839 622 11824 (7906) Henrico, archiepiscopo Remensi, mandat, cogat Thomam burgensem S. Re-
925 618 2839 677 migii, ut extortam matri Milonis pecuniam restituat. Martene Coll. II. 848, Migne
925 662 1745 724 200 p. 692. — „Perlatum est ad“.
355 724 536 799 „ 30.
665 730 748 801 „
877 719 2841 783 11825 (7907) Henrico, archiepiscopo Remensi, mandat, ut I. procuratoris archidiaconi
930 783 2841 843 Remensis et Hubaldi burgensis de castro S. Remigii controversiam disceptet. Martene
925 828 2355 892 Coll. II. 849, Migne 200 p. 693. — „Pervenit ad nos, quod“.
355 876 539 958 „ 30.
660 887 744 960 „
877 887 2843 947 11826 (7908) Henrico, archiepiscopo Remensi, mandat, iudicet inter abbatissam S. Petri
930 947 2841 1013 et (Petrum) abbatem S. Remigii. Martene Coll. II. 849, Bouquet Rec. XV. 890,
927 998 1915 1064 Migne 200 p. 692. — „Significavit nobis“.
320 1046 541 1132 Aug. 6.
662 1060 753 1126 „
881 1053 2843 1115 11827 R(aimundum) abbatem S. Aegidii, iureiurando obstrictum, sese annuatim limina
925 1108 2843 1170 apostolorum visitaturum esse, solvit eique praecipit, ut iuxta consuetudinem episco-
925 1166 2841 1230 porum et abbatum ultramontanorum „singulis bienniis per se vel per nuntium sedem
927 1210 2790 1276 apostolicam visitet“. Goiffon Bull. de St.Gilles p. 82. — „Relatum est auribus“.
346 1256 539 1349 „ 8.
667 1230 742 1351 „
881 1274 2593 1336 Vide Theiner Cod. dipl. dom. temp. s. sed. I. p. 20. n. XXVII et XXVIII.
665 1336 748 1400 „
881 1318 2845 1391 11828 (7909) Ecclesiae S. Andreae Mussianensis patrocinium suscipit et possessiones
925 1378 2843 1448 iuraque confirmat, petente Angelo priore. Lami Eccl. Fl. M. II. 1311, Migne 200
927 1439 1551 1501 p. 693. — „Officii nostri“.
665 1477 742 1570 „
881 1486 2845 1556 11829 Ecclesiae Petragoricensis tutelam suscipit, possessionesque et privilegia confirmat,
932 1541 2845 1620 petente Petro episcopo. In bibl. nat. Paris. Coll. de Périgord t. 30. f. 269. — „In
932 1605 1436 1669 eminenti apostolicae“.
322 1612 543 1737 Sept. 2.
658 1662 760 1733 „
879 1645 2845 1720 11830 (7910) Henricum, archiepiscopum Remensem, et P. abbatem S. Luciani constituit
934 1718 2843 1773 iudices inter Adelelmum et cius uxorem. (Pro „IV. non. Octobr.“ leg.: „IV. non.
927 1760 2841 1835 Septembr.“.) Martene Coll. II. 850, Migne 200 p. 695. — „Causam, quae super“.
360 1819 541 1903 „ 8.
667 1817 764 1910 „
881 1821 2845 1888 „Celebrata nativitate beate Marie, cum fratribus suis de Verulano exiens et versus
932 1879 2724 1934 Tusculanum procedens“. Bosonis card. Vita Alexandri ap. Watterich II. 416.
346 1908 541 2002 „ 9.
653 1921 762 2002 „
879 1927 2845 1994 11831 (7911) Ecclesiae S. Sepulcri Hierosolymitanae protectionem suscipit, possessiones-
932 1987 2845 2053 que ac privilegia confirmat, petente Petro priore. Rozière Cartulaire du saint sépulcre
932 2038 2105 2108 p. 296, Migne 200 p. 695. — „Quotiens a nobis“.
362 2089 543 2168 „ 10.
656 2111 766 2173 „
881 2093 2847 2157 11832 (7912) Thomae, archiepiscopo Cantuariensi, ita scribit: „si nos in causa tua
932 2150 2843 2212 remissius egisse videmur, non ex eo processit, quod causam ipsam nobis tecum et
932 2206 2845 2265 cum Anglicana ecclesia non credamus esse communem, sed quia patientia utendum
934 2263 2845 2320 esse credidimus“. Nunc Rogerum, archiepiscopum Eboracensem, „et reliquos episcopos,
934 2314 2845 2378 qui iuramentum de conservandis iniquis consuetudinibus praestiterint, ab episcopali
934 2367 2843 2433 suspendit dignitate“, (locelinum) Sarisberiensem et (Gilbertum) Londinensem episcopos,
932 2426 2845 2486 qui coronando novo regi interfuerint, anathematizat, (Walterum) Roffensem episcopum
934 2484 2845 2539 et Gaufredum Ridel, archidiaconum Cantuariensem, iuste excommunicatos esse scribit,
932 2535 2847 2597 G(odefridum) episcopum S. Asaph „auctoritati et potestati eius relinquit“. De „ini-
934 2585 2843 2652 micis ecclesiae, qui etiam regno Francorum sint in insidiis, et Matisconensem civi-
936 2643 2843 2707 tatem invaserint“, quid Ludovico Francorum regi videatur, quaeri vult. Epist. S. Tho-
934 2689 2847 2769 mae ed. Giles II. 32, ed. Lupus p. 834, Migne 200 p. 699. — „Inter multiplices
932 2753 1106 2820 curas“.
362 2747 547 2877 „ 12.
673 2813 737 2877 „
883 2800 2845 2875 11833 Radulpho decano et canonicis Ambianensibus bullam dat. Neues Archiv VII. 99.
934 2864 1453 2932 — „Iustis petentium“.
364 2908 547 2994 „ 12.
605 2897 817 2990 Alatriae
883 2912 2847 2979 11834 Ecclesiam S. Mariae de Valle (al. Villa) Gemini protectionem suscipit, posses-
934 2972 2847 3043 sionesque et iura confirmat. Wiener Sitzungsber. XCVII. 63, Pflugk-Harttung Iter
934 3018 1694 3089 p. 272. — „Ad hoc universalis“.
364 3074 545 3186 „ 16.
596 3071 824 3160 Ferentini
885 3069 2847 3144 11835 (7913) G(ilbertum) Londinensem, locelinum Sarisberiensem, Barth(olomaeum)
938 3133 2847 3199 Exoniensem, Ric(ardum) Cestriensem, Waltherum Roffensem, Godefridum S. Asaph,
938 3191 2847 3252 Nic(olaum) Landavensem episcopos, qui contra iura Cantuariensia coronando regis
936 3248 2847 3305 filio interfuerint, „ab omni episcopali suspendit dignitate“; praeterea Londinensem
936 3297 2847 3358 et Sarisberiensem anathematizat. Wilkins Conc. I. 459, Epist. S. Thomae ed. Giles
938 3352 2845 3414 II. 82, ed. Lupus p. 836, Migne 200 p. 700, (Rad. de Diceto Im. Hist. ap. Twysden
938 3400 2841 3493 II. A. SS. I. 563, Opp. ed. Stubbs I. 340, Rymer Foedera I. 26). — „Oportuerat vos“
938 3458 1531 3568 („Cam carissimus filius“).
1106 156 2028 247 ALEXANDER III. 1159— 1181.
