3007 3975
653 322 2569 419 1170. (Ind. 3. — 25. Sept. — 4, pont. a. 11. — 20. Sept. — 12, 1169. — 25. Mart. — 1170.)
123 379 346 518 Sept. 16.
393 384 618 534 Percotin
684 393 2651 468 11836 (7914) Rogerum, archiepiscopum Eboracensem, et Hugonem, episcopum Dunel-
737 461 2653 527 mensem, „ab omni officio episcopalis suspendit dignitatis“, quod regis filium contra
737 507 2651 576 Thomae archiepiscopi Cantuariensis privilegia coronaverint. Wilkins Conc. I. 461,
735 567 2651 629 Epist. S. Thomae ed. Giles II. 48, ed. Lupus p. 838, Rymer Foedera I. 26, Roger
733 624 2651 693 de Hov. 1170 ap. Savile p. 296“, ed. Stubbs II. 7, Migne 200 p. 703, (Mansi XXI. 901.
733 682 2651 737 899). — „Licet nobis commendabiles“ „Licet commendabiles“ („Cum filium suum“).
134 713 247 843 („)
459 713 578 836 („)
682 726 2653 795 11837 (7915) Rotrodo, archiepiscopo Rotomagensi, mandat, ut superiores epistolas suas
733 795 2653 852 ad archiepiscopum Eboracensem et episcopos Angliae perferendas curet, atque num
733 850 2653 905 (Henricus) Baiocensis et (Frogerius) Sagiensis episcopi coronationi interfuerint, dili-
735 901 2653 965 genter inquirat. Epist. S. Thomae ed. Giles II. 64, ed. Lupus p. 844, Migne 200
724 958 1352 1022 p. 705. — „Cum hi, qui“.
163 1004 342 1079 „ 26.
684 995 2653 1073 11838 *(Amato) Ferrariensi et (Gerardo) Paduano episcopis causam inter marchiones
731 1066 2496 1124 et S. Cyprianum de terra Coste committit. Gloria Cod. dipl. Padov. II. 209.
123 1106 342 1194 Oct. 1.
461 1108 554 1194 „
687 1124 2653 1188 11839 (7916) T(homae), archiepiscopo Cantuariensi, et G(ilberto), episcopo Londinensi,
733 1168 2653 1234 mandat, ut magistro W. de Lega tradant archidiaconatum Deyberiae, de quo Wal-
733 1225 2653 1287 terus quondam episcopus Coventriensis, eum investierit. Gilberti Foliot epist. ed.
733 1289 1939 1344 Giles II. 67, Migne 200 p. 706. — „In beati Petri“.
163 1325 340 1411 „ 8.
388 1331 623 1457 Anagniae
682 1338 2653 1406 11840 (7917) Thomae, archiepiscopo Cantuariensi, et aliis episcopis Angliae praecipit,
737 1397 2653 1455 ut „omnes presbyteros, diaconos et subdiaconos, qui contra speciale interdictum suum
735 1446 2653 1506 vel episcoporum scienter divina celebraverint aut de cetero in terris excommuni-
733 1508 2653 1565 catorum divina celebraverint, omni officio et beneficio ecclesiastico privatos denun-
733 1561 2651 1620 cient, et si excommunicati cantaverint, eos comprehendaht et retrudant in mona-
733 1616 2651 1680 steriis“. Epist. S. Thomae ed. Giles II. 31, ed. Lupus p. 796, Migne 200 p. 706,
731 1667 2140 1740 (Pflugk-Harttung Acta II. 370). — „Quoniam enormitatibus“.
143 1707 238 1846 („)
459 1709 570 1799 („)
684 1720 2653 1786 11841 (7918) Ludovicum, Francorum regem, hortatur, ne excommunicatis communicet.
731 1771 2653 1846 Epist. S. Thomae ed. Giles II. 142, ed. Lupus p. 785, Migne 200 p. 707. — „Saluti
733 1835 994 1901 regum et“.
163 1861 342 1949 „ 9.
472 1872 561 2002 „
684 1888 2651 1958 11842 (7919) (Willelmo) Senonensi et (Rotrodo) Rotomagensi archiepiscopis mandat,
731 1947 2653 2011 commoneant Henricum, Anglorum regem, „ut pacem, quam cum Thoma, archiepiscopo
731 2000 2651 2064 Cantuariensi, verbotenus fecit, executione operis compleat, et omnia ablata restituat,
733 2055 2651 2115 damna data resarciat, pravas et execrabiles consuetudines omnino praecidat“. Quod
737 2104 2653 2168 nisi intra dies 40 fecerit, totam terram regis cismarinam interdicto afficiant. Epist.
733 2155 2653 2228 S. Thomae ed. Giles II. 72, ed. Lupus p. 788, Migne 200 p. 708, (Mansi XXI. 903).
735 2219 1922 2276 — „Molestias et angustias“ („Fraternitati vestrae“).
176 2263 349 2373 „ 9.
472 2248 558 2407 „
684 2263 2655 2336 11843 (7920) Thomae, archiepiscopo Cantuariensi, scribit de excommunicatis, qui ab-
735 2332 2653 2389 soluti ab archiepiscopo Rotomagensi et episcopo Nivernensi ablatas ecclesiae Cantua-
737 2391 2653 2444 riensis possessiones non restituerint, iterum excommunicandis. Epist. S. Thomae ed.
731 2438 2459 2508 Giles II. 28, ed. Lupus p. 786, Migne 200 p. 708. — „Si enormitates et“.
163 2413 346 2603 „ „
468 2482 565 2597 „
684 2493 2653 2557 11844 (7921) Rotrodo, archiepiscopo Rotomagensi, et Bernardo, episcopo Nivernensi,
737 2548 2653 2612 mandat, ut quibus communionem restituerint, eos, si ablata ecclesiae Cantuariensi
737 2605 2653 2663 non reddiderint, iterata exoommunicatione afficiant. Epist. S. Thomae ed. Giles
740 2661 2388 2718 II. 63, ed. Lupus p. 795, Migne 200 p. 709. — „Audito et intellecto“.
167 2703 225 2828 „
475 2707 567 2826 „
687 2707 2655 2775 11845 (7922) Thomae, archiepiscopo Cantuariensi, concedit, ut coronatio filii Henrici
737 2771 2653 2831 Anglorum regis a (Rogero), archiepiscopo Eboracensi, facta „ei nulla ratione prae-
737 2824 2651 2881 iudicium possit in posterum generare“. (Notae chronologicae: „XX. cal. Oct.“ men-
735 2870 2653 2941 dosae sunt.) Epist. S. Thomae ed. Giles II. 30, Migne 200 p. 710, (ed. Lupus p. 791,
737 2926 1674 2998 Mansi XXI. 900). — „Virtutis et fidei“.
172 2970 346 3056 „ 13.
408 2912 607 3113 „„„
687 2990 2653 3051 11846 (7923) Thomae, archiepiscopo Cantuariensi, concedit, si Henricus Anglorum rex
737 3045 2653 3107 „pacem, quam cum eo fecit, executione operis non adimpleverit, ut in personas et
737 3100 2653 3155 loca, quae ad eius legationem pertineant, excepta persona regis, uxoris quoque et
737 3157 2653 3210 filiorum, eoclesiasticam iustitiam exerceat“. Epist. S. Thomae ed. Giles II. 29, ed.
740 3204 2529 3270 Lupus p. 787, Mansi XXI. 903, Migne 200 p. 711. — „Anxietate cordis et“.
174 3244 351 3385 „ 15.
466 3272 563 3398 „
687 3266 2653 3327 11847 (7924) Omnes praelatos per terram regis Anglorum cismarinam monet, ut quam
744 3312 2653 3376 Willelmus, archiepiscopus Senonensis, apostolicae sedis legatus, et (Rotrodus) archi-
740 3378 2653 3433 episcopus Rotomagensis in terram regis cismarinam protulerint sententiam, observent.
742 3420 2651 3557 Epiet. S. 1uonae sd. Odes I. St. ed. Lapuas p. 7SS. Rigae 20o. p. 741. — „Cara
737 3480 1144 3577 pastoralis officii“.
914 165 1844 258 ALEXANDER III. 1159—1181.
2523 170 2655 262 239
