3007 3975
318 183 444 278 240
863 335 2777 417 1170. (Ind. 3. — 25. Sept. — 5, pont. a. 11. — 20. Sept. — 12, 1169. — 25. Mart. — 1170.)
331 371 556 483 Oct. 17.
596 395 830 485 Tusculani
892 412 2858 488 „Versus Tusculanum procedens in vigilia sancte Lucie Gleg. sancti Luce) civitatem ipsam
945 481 2858 547 intravit et in palatio ipsius arcis per XVI. (leg. XXVI.) menses resedit“. Bosonis
941 527 1948 591 card. Vita Alexandri ap. Watterich II. 416.
371 563 554 647 „ 30.
678 580 762 651 „
892 578 2856 653 11848 (7925) Ecclesiam S. Mariani Eugubinam tuendam suscipit, et eius bona ac iura,
945 644 2856 711 petente Benedicto praeposito, confirmat. Ughelli It. sacr. I. 638, Migne 200 p. 712.
945 693 1387 759 — „Quoties illud“.
338 730 552 810 Nov. 2.
662 728 773 821 („)
890 746 2856 819 11849 Monasterii S. Apollinaris novi exemptionem confirmat. Ex cod. Vaticano 7927.
943 803 1482 861 Dedit b. m. Bethmann.
371 843 552 927 „ 24.
673 845 777 998 „
894 854 2861 918 11850 (7926) (Gilberto) Londinensi et Iocelino Sarisberiensi episcopis scribit, eos a
943 914 2856 978 munerum administratione remotos et anathematizatos mansuros esse, donec satisfacturi
945 969 2856 1029 Thomam adierint; „si autem“ inquit „ita Thomae archiepiscopo et Cantuariensi eccle-
943 1018 2852 1084 siae satisfacere curaveritis, ut poenam istam ipse videat relaxandam, vicem nostram
945 1077 2856 1137 per eum volumus adimpleri“. (Huius epistolae datum non rectum esse, putat Reuter
943 1128 2856 1192 II. 693, quia eam iam medio mense Novembri in Thomae archiepiscopi manibus
941 1190 2854 1254 fuisse opinatur. Neque tamen hinc eam removere ausi sumus, quia arcte cum epi-
938 1243 2854 1302 stola sequenti cohaeret et Gilbertus Londinensis etiam die I. Oct. munere suo fun-
945 1302 2856 1364 gebatur, ut testatur ep. 11839.) Wilkins Conc. I. 460, Epist. S. Thomae ed. Giles
941 1351 2509 1419 II. 102, ed. Lupus p. 843, Migne 200 p. 713. — „Quamvis curae“.
366 1351 552 1470 „ 21.
676 1397 757 1475 „
892 1400 2856 1470 11851 (7927) (Ricardo) Cestriensi, W(altero) Roffensi, (Godefrido) S. Asaph, (Nicolao)
941 1464 2856 1525 Landaviensi et (Hugoni) Dunelmensi episcopis eadem scribit, ut superiore epistola
941 1519 2856 1578 ad Londinensem et Sarisberiensem episcopos. Epist. S. Thomae ed. Giles II. 85,
941 1565 1882 1638 Migne 200 p. 713. — „Quamvis curae“.
344 1572 441 1711 („)
665 1556 766 1711 („)
892 1618 2856 1687 11852 (7928) (Rogero), archiepiscopo Eboracensi, scribit „in eundem modum, praeter-
938 1684 2856 1742 quam de relaxatione suspensionis, quam sibi reservat dominus papa“. Epist. S. Tho-
936 1729 1902 1797 mae ed. Giles II. 102, ed. Lupus p. 843.
329 1777 547 1866 Dec. S.
676 1786 751 1877 „
892 1782 2856 1852 11853 Ecclesiae S. Columbae Ariminensis patrocinium suscipit bonaque confirmat.
941 1841 2615 1905 Tonini Rimini II. 417, Pflugk-Harttung Iter p. 808. — „Effectum iusta“.
364 1885 545 1972 „ 18.
676 1863 751 2027 „
890 1903 2854 1965 11854 lohanni, abbati Corbeiensi, eiusque successoribus permittit, ut habitatores locorum,
938 1956 2854 2018 qui ad eorum administrationem pertineant, excommunicent, quoties monasterio iniurias
936 2014 2852 2080 intulerint; excommunicatos a quoquam archiepiscopo vel episcopo ad divina officia
936 2069 2850 2126 admitti vetat. In bibl. nat. Paris. Cartul. noir de Corbie ms. lat. 17758. s. XIII.
936 2126 2847 2179 f. 231, Cartul. blanc ms. lat. 17759. s. XIII—XIV. f. 39. — „Pastorali officio et“.
364 2155 545 2256 „ 18.
676 2117 746 2254 „
890 2170 2850 2243 11855 lohanni abbati et fratribus Corbeiensibus indulget, ut „nulli parochianorum, qui
936 2230 2850 2292 ad eos spiritualiter vel temporaliter pertineant, pro qualibet causa liceat, praeter-
938 2281 2850 2349 quam ad Romanum pontificem vel legatum eius, ad alium appellare“. In bibl. nat.
938 2336 2850 2407 Paris. Cart. blanc de Corbie ms. lat. 17759. S. XIII—XIV. f. 34. — „IIlis eccle-
936 2396 1129 2457 siis et“.
364 2442 550 2524 „ 20.
671 2393 746 2510 „
888 2433 2850 2517 11856 lohanni, abbati Corbeiensi, eiusque successoribus indulget, ne quis eos vel eorum
934 2506 2850 2563 monasterium interdicere vel excommunicare, seu super eos aliquam iurisdictionem
936 2559 2847 2621 exercere debeat, nisi a latere Romani pontificis fuerit destinatus. In bibl. nat. Paris.
932 2612 2847 2672 Cart. blanc de Corbie ms. lat. 17759. s. XIII—XIV. f. 33. — „Attendentes quomodo“.
362 2650 545 2736 „ 21.
665 2663 755 2740 „
885 2667 2850 2736 11857 Monasterium S. Mariae Clarevallense (d. Mediol.) tuendum suscipit, eiusque bona
934 2725 2845 2786 et privilegia confirmat. Wiener Sitzungsber. XCIV. 669. (Haec certe bulla est,
934 2778 2847 2837 quam die 21. Dec. 1170 Grottae ferratae prope Tusculum sitae Transmundo
934 2833 2847 2892 abbati datam esse memorat Giulini Mem. di Mil. VI. 384. Mira sane res, quam ex-
934 2886 1880 2950 plicare nequeo.) — „Religiosis desideriis“.
364 2917 545 3007 „ 23.
669 2952 757 3005 „)
885 2943 2850 3007 11858 Monasterium S. Petri Corbeiense tuendum suscipit, eiusque bona confirmat et pri-
936 3001 2847 3056 vilegia auget, petente Iohanne abbate. In bibl. nat. Paris. Cartul. noir de Corbie ms.
934 3043 2847 3115 lat. 17758. s. XIII. f. 223“, (Coll. Grenier t. 53. f. 88 et t. 257. f. 197; Neues
938 3109 2143 3175 Archiv VII. 100). — „Apostolicae sedis auctoritate“.
364 3149 543 3230 „ 25.
669 3104 751 3235 „
883 3153 2845 3221 11859 (7929) Monasterii S. Augusti Tarvanensis protectionem suscipit, bonaque ac pri-
936 3221 2845 3277 vilegia confirmat, petente Absalone abbate. Hugo O. P. A. I. Pr. p. 136. — „Effectum
932 3268 1400 3336 iusta postulantibus“.
360 3299 545 3389 „ 29.
658 3314 766 3520 „
883 3323 2845 3387 11860 (7930) Monasterii Iesu Nazareni (Montis-Aragonensis) possessiones confirmat.
932 3372 2149 3445 (Fragmentum.) Aynsa Fundacion de Huesca p. 456.
881 3429 2843 3495 11861 (7931) Henrico, regi Angliae, qui Thomae, archiepiscopo Cantuariensi „omni
936 3489 2841 3586 turbatione et rancore deposito gratiam et amorem suum restituerit“; Sratalatur-
1126 178 2050 276 ALEXANDER III. 1159—1181.
