3007 3975
645 295 2556 384 1170. (Ind. 3. — 25. Sept. — 4, pont. a. 11. — 20. Sept. — 12, 1169. — 25. Mart. — 1170.)
729 382 2642 454 Monet, ut ablata archiepiscopo reddat, damna data sarciat, ecclesiarum ordinationes
724 439 2642 499 restituat, utque „filium suum super articulo iuramenti, quod praetermiserit, de ser-
729 499 2642 565 vando iure et libertate Cantuariensis ecclesiae eidem archiepiscopo satisfacere hor-
724 554 2642 624 tetur“. Epist. Thomae ed. Giles II. 135, ed. Lupus p. 822, Mansi XXI. 904, Migne
724 607 1588 677 200 p. 715. — „Cognito ex litteris“.
680 655 2644 722 11862 (7932) Clerum et populum regis Angliae citra mare et ultra mare hortatur, ne
726 722 2644 781 concordiam pacemque inter Henricum regem et Thomam, archiepiscopum Cantuarien-
729 772 2642 843 sem, confectam perturbent. Epist. S. Thomae ed. Giles II. 74, ed. Lupus p. 824,
729 823 1752 896 Migne 200 p. 716. — „Quam gratum Deo“.
642 894 972 978 1159—1171.
678 971 2642 1057 11862a Ecclesiae Atrebatensis protectionem suscipit, bonaque et consuetudines confirmat,
731 1051 2642 1108 petente Rogero praeposito. In bibl. nat. Paris. Cart. d'Arras ms. lat. 9930. s. XIII.
722 1093 1520 1166 f. 3. — „Quotiescumque a nobis“.
676 1150 2646 1223 11862b Capitulo Bituricensi asserit ecclesiam S. Martini de Las, a P(etro) archiepiscopo
729 1212 2642 1283 concessam. In bibl. nat. Paris. Cartul. de Bourges ms. lat. 1274. s. XIII. f. 179.
726 1258 1475 1331 — „Iustis petentium desideriis“.
645 1320 976 1435 1170—1171.
119 1320 349 1506 „)
373 1375 618 1508 Tucentani
676 1413 2644 1495 11863 (8765) (Ivoni) abbati monachisque S. Dionysii concedit, „ut nulli archiepiscopo,
733 1490 2646 1545 vel episcopo, aut aliis ecclesiasticis personis sit licitum, fratres eorum, sive priores
733 1537 2644 1605 cellarum sint, aut in cellis sive villarum custodiis vel alibi ubicumque morentur,
729 1598 2646 1656 praeter Romanum pontificem, vel eius legatum, ab officiis divinis suspendere, aut
729 1643 2649 1711 interdicti vel excommunicationis sententia condemnare“. Doublet Hist. de St. Denys
731 1700 1533 1764 p. 507. — „Attendentes, qualiter“.
163 1713 344 1839 „ 20.
455 1757 558 1883 „
680 1749 2649 1819 11864 (8766) I(voni) abbati S. Dionysii eiusque successoribus asserit ius distribuen-
731 1806 2646 1877 darum ecclesiae S. Pauli praebendarum. Doublet Hist. de St. Denys p. 506, Migne
735 1866 2646 1930 200 p. 1258. (Epistolam I. abbati inscriptam esse, docet autographum in tab. nat.
733 1925 2646 1994 Paris. L. 231. n. 62, ideoque his annis ascribenda est, cum Ivo anno 1172 vita
731 1980 1515 2047 decesserit.) — „Ea, quae iudicio“.
680 2029 2651 2100 11865 (7934) (Guillelmo) episcopo Agathensi respondet, poenitentiam mulieri imponen-
731 2089 2649 2150 dam esse, quae „cupiens viri sui ampliorem amorem sibi acquirere, suscepto corpore
729 2146 2649 2203 Christi et in ore retento, eidem viro cum eo osculum porrexit et ipsum traiicere
731 2199 2646 2259 non potuit, sed postea versum est in carnem . . . et caro succrevit et adhuc est in
731 2252 2644 2323 ore eius“ cet. (Ex registri libro XII.) Coll. Luc. ap. Baluze Misc. III. 373, App.
731 2305 2642 2373 conc. Lat. L. 30, Coll. Cass. LVII. 4, Comp. I. L. 3. t. 28. c. 9, L. 4. t. 1. c. 16,
729 2354 2644 2426 Comp. II. L. 5. t. 17. c. 2, Decr. Greg. L. IV. t. 1. c. 12. — „De muliere illa“ „De
731 2422 2154 2475 muliere, quae“ „Sane super eo, quod“ „Praeterea de muliere“.
682 2466 2649 2537 11866 (7935) Ad (Theobaldi) episcopi Ambianensis quaestiones respondet. (Ex registri
733 2528 2644 2592 libro XII.) App. conc. Lat. L. 29, Comp. I. L. 1. t. 23. c. 9, L. 3. t. 26. c. 27,
731 2574 2642 2643 L. 3. t. 27. c. 10, L. 4. t. 16. c. 3, L. 4. t. 20. c. 3, L. 5. t. 28. c. 10, Decr.
733 2636 2644 2696 Greg. L. III. t. 30. c. 15, t. 31. c. 10, L. IV. t. 15. c. 2, t. 19. c. 3, L. V. t. 33.
731 2689 2646 2756 c. 7). — „Quod sedem apostolicam“ „Sane de canonico“ „Praeterea de Hugone“ „Ad
731 2747 2379 2809 haec donationem“ „Porro de comite“ „Porro quoniam“ „Porro quamvis“.
680 2802 2646 2866 11867 (7936) (Raimundo), archiepiscopo Arelatensi et S. Mariae in via lata diacono
731 2848 2644 2915 cardinali scribit de matrimonio Ermengardis et Blatii. (Ex registro libro XII.) App.
733 2917 2644 2976 conc. Lat. L. 26, Coll. Cass. LVIII. 15, Comp. I. L. 1. t. 21. c. 21, Decr. Greg.
731 2970 2204 3023 L. I. t. 29. c. 16. — „Causa matrimonii“ „Causam matrimonii“.
682 3018 2646 3082 11868 (7937) Patriarchae Hierosolymitano interdicit, ne in privilegiis nomina clericorum
731 3078 2646 3138 absentium, „tamquam si praesentes sint, faciat subscribi“. (Ex registri libro XII.)
731 3124 2638 3193 App. conc. Lat. L. 19, Comp. I. L. 3. t. 9. c. 5, Decr. Greg. L. III. t. 10. c. 5. —
731 3186 1347 3244 „Quanto maiori dignitate“.
680 3228 2644 3299 11869 (7938) Procuratori et canonicis Soranis scribit de Mariotae matrimonio. (Ex
733 3299 2644 3361 registri libro XII.) App. conc. Lat. L. 31, Coll. Cass. LVIII. 2, Comp. I. L. 4. t. 1.
731 3343 2269 3414 c. 17, Decr. Greg. L. IV. t. 1. c. 13. — „Veniens ad apostolicae“.
680 3398 2642 3471 11870 (7939) Abbati S. Benedioti de Vebia (al. Nebia) scribit de poenitentia monachi,
733 3460 2640 3559 qui fuares interemerit. (Ex registri libro XIL.) App. conc. Lat. V. 27. Coll. Cass.
163 3502 740 3595 Regent. Pont. Roman. Bd. aec. II.
2304 3522 2366 3615 31
908 145 1831 238 ALEXANDER III. 1159—1181.
2509 152 2635 247 241
