3007 3975
645 344 2551 437 1171. (Ind. 4. — 25. Sept. — 5, pont. a. 12. — 20. Sept. — 13, 1170. — 25. Mart. — 1171.)
119 410 344 510 Nov. 28.
375 395 618 505 Tusculani
678 428 2646 503 11912 Alelmo abbati Valcellensi bullam dat. („Ind. V, a. inc. MCLXXII, p. a. XIII.“)
731 479 1831 545 Neues Archiv VII. 101. — „Religiosam vitam“.
121 510 342 620 Doc. 24.
463 563 552 618 „
676 530 2644 605 11913 Monasterium S. Salvatoris in Insula (Senensi) tuendum suscipit, eiusque posses-
726 600 2083 662 siones ac iura confirmat. Wiener Sitzungsber. XCIV. 669.
161 653 338 728 „ 29.
448 666 563 733 „
678 647 2646 715 11914 Ecclesiae S. Mariae Volaterranae protectionem suscipit, possessionesque et iura
724 708 2642 770 confirmat, imposita ei sex denariorum Lucensium pensione annua. Leoncini IIlustr.
724 764 2640 828 s. cat. di Volt. p. 312, Pflugk-Harttung Iter p. 273. — „Piae postulatio voluntatis“.
676 810 2642 889 11915 (7966) Henrico, regi Angliae, commendat D(avid) magistrum, ortu Anglum, qui,
726 867 2644 938 studiis Bononiae transactis, inter nuntios eius ad sedem apostolicam pervenerit, ac
726 927 2644 989 tam bonae indolis virum se ostenderit, ut ipse eum proxime vacaturae in dioecesi
729 973 2644 1046 Lincolnensi praebendae canonicum designaverit. Savioli Ann. Bol. I. II. 268, Migne
726 1033 1469 1104 200 p. 737. — „Inter ceteros“.
680 1077 2644 1163 11916 (7967) Henrico, regi Angliae, R(eginaldum) archidiaconum Sarisberiensem et
731 1141 2644 1210 Ricardum Bar et magistrum D(avid) commendat, qui non modo ante alterius lega-
726 1201 2644 1265 tionis adventum, verum etiam cum novi legati nuntium, superiore laetiorem, attulis-
726 1254 2644 1322 sent, summo studio regis commodo servierint. Savioli Ann. Bol. I. II. 269, Liverani
720 1305 1782 1371 Spicil. Liber. p. 544. — „Antequam secundi“.
678 1364 2646 1431 11917 Magistrum David ecclesiae Lincolnensis canonicum instituit eique asserit primam
726 1415 2644 1495 praebendam, quam vacare in ca contigerit. Liverani Spicil. Liber. p. 547. — „Lit-
724 1484 1341 1539 teraturam, honestatem et“.
678 1521 2644 1609 11918 Decano et capitulo Lincolnensi significat, sese magistrum David, „virum non
726 1592 2646 1647 solum canonicatui, sed episcopali idoneum dignitati“, canonicum in eorum ecclesia
731 1645 2644 1707 constituisse. Mandat, ut, cum ad ipsos venerit, locum in choro et capitulo ei assi-
726 1700 2644 1762 gnent, eumquc de praebenda proxime vacatura investiant, interim vero aliquo bene-
722 1755 2580 1813 ficio annuo honorent. Liverani Spicil. Liber. p. 545. — „Quoniam ad nostrum“.
678 1797 2646 1872 11919 *Monasterio de Melsa bona et privilegia quaedam asserit. Chronica mon. de
731 1861 1053 1923 Mclsa I. 178.
678 1903 2646 1980 11920 (7969) A(rnonis) praepositi Reicherspergensis erga Romanam ecclesiam studium
729 1976 2646 2036 et constantiam laudat eumque hortatur, ut a communione „scismaticorum, qui nomi-
731 2027 2644 2089 natim sint excommunicati, vel a capite scismatis ordines susceperint“, abstineat.
731 2080 2644 2150 „Principibus vero“, inquit, „quoniam nullum ex nomine de his, qui supersunt, preter
731 2139 2646 2201 F(ridericum) caput huius maliciae et O(ctavianum) excommunicavimus, indubitanter
729 2188 2646 2265 poteris communicare. Sane incendiariis (de quibus, sicut credimus, decreta ut ex-
729 2243 2646 2314 communicentur precipiunt, etsi ecclesia faciat ipsos, tanquam excommunicatos ad
729 2307 2646 2362 terrorem, absolvi,) si quando necessitate cogente communicaveris, apud Deum non
731 2360 2644 2424 poteris exinde damnationis iudicium formidare“. Jaffé Reg. Pont. Rom. ed. I. num. 7969,
729 2409 2649 2486 Chron. Magni presb. 1171 in MG. SS. XVII. 496, (Migne 200 p. 738). — „Dilectionis
731 2471 1049 2537 tuae litteris“.
647 2519 989 2641 1170—1172.
119 2623 344 2709 Oct. 17.
380 2627 623 2707 Tusculani
680 2623 2644 2698 11921 Episcopo Ebroicensi praecipit, ne, cum praebendae ecclesiae eius tenues sint,
731 2691 2646 2751 canonicos praeter voluntatem decani et capituli ad recipiendos vicarios cogat. (Cf.
731 2738 2646 2809 infra ep. 11926.) Cart. du chap. d'Evreux s. XIII—XIV. f. 4* in Arch. dép. de
731 2795 1663 2855 I'Eure in Evreux. — „Cum olim nobis“.
165 2842 346 2919 „ 20.
466 2857 563 2928 „
682 2839 2646 2917 11922 (7970) Henrico, archiepiscopo Remensi, mandat, hortetur (Hugonem), episcopum
733 2910 2646 2970 Suessionensem, ut Waltero sacerdoti, „qui, relicto propter perfidiam schismaticorum
733 2965 2649 3025 episcopatu Tullensi, ad Remenses partes se contulerit“, ecclesiam quandam concedat.
733 3007 2646 3076 Martene Coll. II. 851, Bouquet Rec. XV. 891, Migne 200 p. 739. — „Non excidit a“.
165 3038 349 3142 „ 20.
466 3062 563 3142 „
684 3065 2646 3133 11923 (7971) Henricum, archiepiscopum Remensem, monet, ne fratres de Mari vexari
733 3118 2646 3191 a lohanne presbytero patiatur. Martene Coll. II. 852, Migne 200 p. 740. — Que-
731 3175 1159 3246 relam abbatis et“.
165 3226 349 3305 „ 20.
461 3175 565 3305 „
687 3233 2649 3297 11924 (7972) Henrico, archiepiscopo Remensi, mandat, ut fratribus de Mari ablatam
737 3283 2649 3352 vineam reddi iubeat. Martene Coll. II. 852, Migne 200 p. 740. — „Ex parte di-
731 3339 978 3405 lectorum“.
167 3394 353 3471 „ 20.
450 3398 567 3604 „
687 3396 2646 3464 11925 (7973) Episcopis per regnum Francorum constitutis praecipit, curent, ne „illi,
737 3451 2651 3515 qui nomen magisterii scholarum et dignitatem in ecclesiis eorum assumpserint, pro
740 3506 2644 3612 praestanda licentia docendi alios ab aliquo quidquam amodo enigere audeant vel
905 185 1833 287 ALEXANDER III. 1159—1181.
2516 196 2646 287 245
