3007 3975
634 344 954 426 1171—1172.
662 393 2635 499 11972 (8016) Henrico, archiepiscopo Remensi, mandat, curet ut lata inter monachos
366 388 607 521 Turenlani
110 408 331 501 lan. 27.
715 474 2633 543 Silvae-maioris et clericos Braguenses sententia custodiatur. Martene Coll. II. 882,
713 527 2229 591 Bouquet Rec. XV. 897, Migne 200 p. 769. — „Cum dilecti filii“.
667 587 2635 649 11973 (8020) Henrico, archiepiscopo Remensi, mandat, compellat G. et R. Gozo, ut
148 567 326 662 „ 31.
452 589 536 682 „
713 644 2635 706 fratribus militiae templi, quae abstulerint, restituant. Martene Coll. II. 883, Migne
718 702 1502 757 200 p. 771. — „Insinuatum est“.
108 744 326 830 Febr. 1.
667 748 2635 825 11974 (8021) W(illelmo), archiepiscopo Senonensi, apostolicae sedis legato, et S(tephano),
455 770 541 821 „„
715 812 2638 867 episcopo Meldensi, et abbati Vallis-secretae mandat, ut monasterii S. Victoris Pari-
720 867 2633 931 siensis disciplinam, vitio abbatis corruptam, corrigant. Duchesne Hist. Fr. SS. IV. 602,
720 909 2635 987 Martene Coll. VI. 250, Bouquet Rec. XV. 898, Mansi XXI. 993, Migne 200 p. 771.
722 978 1277 1042 — „Crebra iamdudum“.
669 1022 2640 1090 11975 (8022) Abbatem et canonicos S. Victoris Parisiensis de superioribus litteris cer-
145 1033 326 1115 „ 1.
452 1029 539 1106 „
722 1088 2638 1150 tiores facit. Duchesne Hist. Fr. SS. IV. 603, Martene Coll. VI. 251, Bouquet Rec.
722 1141 2386 1196 XV. 899, Mansi XXI. 994, Migne 200 p. 772. — „Iamdudum ad nos“.
669 1192 2642 1256 11976 (8023) Ludovico, Francorum regi, de corrigenda disciplina monasterii S. Victoris
148 1185 326 1260 „ 1.
455 1194 543 1272 „
722 1249 2640 1316 Parisiensis quid mandaverit, nunciat. Martene Coll. VI. 249, Bouquet Rec. XV. 897,
720 1302 2587 1362 Migne 200 p. 773, (Duchesne Hist. Fr. SS. IV. 602). — „Considerantibus nobis“.
671 1358 2642 1419 11977 (8024) Henrico, archiepiscopo Remensi, milites templi Hierosolymitani commendat
148 1347 326 1446 „ 2.
455 1302 550 1446 „
722 1417 2644 1481 praecipitque, ut quae Guitterius parochianus abstulerit, eis reddi faciat. Martene
722 1472 2538 1530 Coll. II. 883, Bouquet Rec. XV. 899, Migne 200 p. 774. — „Milites Templi“.
669 1521 2642 1585 11978 (8025) (Petro), abbati S. Remigii, et B. archidiacono Remensi mandat, ad-
145 1523 329 1616 „ 3.
450 1450 550 1654 „
722 1581 2644 1640 moneant episcopum Suessionensem, ut O. subdiaconum, ab abbate S. Petri Catalaunensi
722 1638 2642 1698 praesentatum, de ecclesia S. Medardi investiat; quod si recusaverit, ipsi eum investiant.
722 1696 2618 1751 Sirmondi Opp. III. 877, Mansi XXI. 948, Migne 200 p. 775. — „Constitutus in“.
673 1742 2644 1806 11979 (8026) Presbyteris et aliis clericis parochialium ecclesiarum, ad monasterium
148 1726 324 1828 „ 5.
448 1744 547 1830 „
724 1806 2644 1861 S. Petri de Montibus pertinentium, mandat de mortuis non in ecclesiis sed in mona-
722 1846 2635 1921 sterio sepeliendis. Sirmondi Opp. III. 885, Mansi XXI. 957, Migne 200 p. 775. —
724 1903 1162 1969 „Pervenit ad nos“.
673 1961 2646 2025 11980 (8027) Henrico, archiepiscopo Remensi, mandat, ut Araldo presbytero ablatam
148 1921 333 2042 „ 8.
448 1965 543 2040 „
722 2020 2644 2086 ecclesiam S. Remigii de Masdeio restituat. Martene Coll. II. 884, Migne 200 p. 776.
724 2082 1239 2144 — „Insinuavit nobis“.
678 2126 2646 2192 11981 (8028) Henrico, archiepiscopo Remensi, mandat, ne monasterium Virtuense vexari
150 2117 335 2206 „ 9.
461 2128 543 2201 „
724 2186 2642 2248 a Laudato cive Catalaunensi sinat. Martene Coll. II. 885, Migne 200 p. 776. —
724 2232 1115 2309 „Paci et quieti“.
678 2290 2644 2358 11982 Alexandro abbati et fratribus Cisterciensibus indulget, ne quis de agris, vineis,
152 2279 333 2371 „ 9.
463 2296 547 2365 „
726 2347 2642 2424 nutrimentisque animalium decimas ab eis exigat. Pflugke-Harttung Acta I. 249. —
726 2398 1316 2462 „Religiosorum desideriis“.
676 2455 2651 2526 11983 (8029) (Petro), abbati S. Remigii, et Fulconi, decano Remensi, mandat, ut inter
156 2446 338 2539 „ 12.
459 2462 556 2590 „
731 2515 2649 2579 abbatem S. Theoderici et Helisendim eiusque virum iudicent. Sirmondi Opp. III. 856,
729 2570 2059 2638 Mansi XXI. 926, Migne 200 p. 777. — „Dilectus filius“.
678 2614 2651 2687 11984 (8030) Henrico, archiepiscopo Remensi, F. archidiaconum Ostrevandensem com-
159 2605 338 2705 „ 13.
452 2616 563 2696 „
729 2672 2649 2749 mendat. Martene Coll. II. 885, Bouquet Rec. XV. 900, Migne 200 p. 777. — „Eos,
726 2738 1115 2804 quos honestate“.
678 2784 2651 2853 11985 (8031) Henrico, archiepiscopo Remensi, mandat, compellat canonicos ecclesiae
159 2760 338 2859 „ 20.
466 2771 567 2870 „
729 2839 2649 2906 Catalaunensis, ut Stephano clerico „terras ad dotem altaris de Cortoismunt pertinentes“
729 2903 2651 2963 restituant. Martene Coll. II. 886, Migne 200 p. 778. — „Cum olim conquestione“.
678 2950 2651 3018 11986 (8032) Guidoni abbati S. Nicasii et M. Radulfo, canonico Remensi, mandat,
159 2923 344 3032 „ 21.
463 2952 567 3025 „
731 3005 2653 3071 cogant homines quosdam, ut illata monasterio S. Remigii damna expleant. Sirmondi
729 3056 2598 3124 Opp. III. 871, Mansi XXI. 942, Migne 200 p. 778. — „Suggestum est auribus“.
687 3120 2653 3186 11987 G(uidoni) abbati et fratribus Ursicampi asserit bona quaedam, a B(alduino)
165 3109 346 3199 „ 21.
457 3113 563 3202 „
735 3180 2651 3241 Noviomensi et b. m. O(done) Tusculanensi episcopis aliisque concessa. (Huius bullae,
735 3233 2653 3297 perperam Alexandro IV. tributae, quae sint prima verba, nobiscum communicavit
735 3286 2653 3343 Delisle.) Peigné-Delacourt Cart. d'Ourscamp p. 302. n. 483. — „Iustis petentium“.
689 3341 2655 3400 11988 (8033) Monasterio S. Remigii Remensi concessam ab Henrico archiepiscopo fre-
165 3277 346 3420 „ „„.
463 3341 561 3431 „
740 3396 2655 3458 scengiarum remissionem ratam habet. Sirmondi Opp. III. 872, Mansi XXI. 943, Migne
740 3445 2653 3542 200 p. 780: „VIII. kal. Mart.“, (Nenes Archiv VII. 107: „IX. kal. Mart.“). — „Ratio-
740 3498 1020 3606 nabiles et“.
163 3557 744 3652 Regents pont Roman. Bd. eec. II.
2297 3548 2383 3639 3?
892 181 1822 284 ALEXANDER III. 1159—1181.
2498 183 2633 273 249
