3007 3975
324 194 452 273 250
868 346 1193 437 1171— 1172.
344 386 567 499 Pebr. 22.
607 404 846 556 „uestani
905 397 2872 490 11989 (8034) Henrico, archiepiscopo Remensi, mandat, ut canonicorum S. Nicolai Cata-
956 485 2870 547 launensis et abbatis Dervensis de ecclesia Campi-Auberti controversiam disceptet.
956 538 2441 598 Martene Coll. II. 887, Migne 200 p. 780. — „Perlatum est ad“.
384 567 563 664 „ 22.
693 580 766 711 „
903 591 2870 658 11990 (8035) (Stephanum) archiepiscopum Bituricensem et (Theobaldum) episcopum
958 642 2870 713 Ambianensem hortatur, ut inter R. de Guisa et S. uxorem eius iudicium faciant.
954 695 2870 768 Martene Coll. II. 887, Bouquet Rec. XV. 900, Migne 200 p. 781. — „Quoniam certo
952 764 1277 828 experimento“.
382 806 556 881 „ 26.
695 801 768 931 „
905 801 2872 874 11991 (8036) G(aldino), archiepiscopo Mediolanensi, mandat, moneat proceres et uaruas-
952 872 2865 931 sores de Sexto, ut O(berto), subdiacono suo, ecclesiae Modoetiensis archipresbytero,
952 920 2865 982 decimas exhibeant. Frisi Mem. di Monza II. 67, Migne 200 p. 782. — „Dilectus filius“.
380 980 558 1048 „ 27.
693 973 764 1048 „
905 982 2870 1040 11992 (8037) Henrico, archiepiscopo Remensi, affirmat, abbati Cheminonensi id privi-
954 1033 2867 1099 legii nequaquam concessum esse, „ut quoscumque de Remensi vellet archiepiscopatu
956 1090 2867 1154 impetere, eos ante Willelmum, Senonensem archiepiscopum, apostolicae sedis legatum,
952 1137 2870 1205 posset, remoto appellationis obstaculo, convenire“. Martene Coll. II. 888, Bouquet
952 1190 2322 1265 Rec. XV. 901, Migne 200 p. 782. — „Relatum est nobis“.
380 1234 561 1320 „ 27.
695 1256 771 1371 „
901 1245 2870 1311 11993 (8038) Henrico, archiepiscopo Remensi, mandat, ut Leonem abbatem S. Gisleni
952 1311 2870 1366 a schismaticis eiectum, in cuius locum „Cameracensis dictus electus“ alium substi-
952 1364 2867 1426 tuerit, in integrum restituat. Martene Coll. II. 889, Bouquet Rec. XV. 901, Migne
954 1422 1767 1486 200 p. 783. — „Perlatum est ad“.
340 1413 558 1534 Mart. 1.
687 1461 773 1541 „
901 1470 2872 1534 11994 (8040) (Gualtero), episcopo Tornacensi, praecipit, ut Danieli presbytero S. Iohannis
952 1532 2870 1590 Gandavensis ablatum beneficium officiumque restituat. Martene Coll. II. 890, Migne
952 1583 1955 1640 200 p. 784. — „Ex insinuatione Danielis“.
373 1629 556 1707 „ 4.
691 1629 773 1718 „
901 1629 2870 1704 11995 (8041) (Stephano) Meldensi et (Theobaldo) Ambianensi episcopis mandat,
950 1684 2867 1753 cognoscant, num filiae Roberti comitis cum Hugone de Brois, cui eam pater in matri-
952 1753 2865 1810 monium daturus sit, cognatio intercedat. Martene Coll. II. 891, Bouquet Rec. XV. 902,
954 1799 2014 1870 Migne 200 p. 784. — „Suggestum est nobis“.
366 1846 552 1943 „ 4.
687 1846 773 1947 „
901 1852 2870 1923 11996 (8042) Henrico, archiepiscopo Remensi, nunciat, S. magistrum de D. fratrem
950 1910 2867 1972 militiae templi, nuncium eius, a sese benigne receptum esse. Hortatur, ut „ex quo
950 1969 2865 2029 (Petrus) episcopus Cameracensis se in conspectu eius humiliaverit, et ab eo miseri-
950 2018 2865 2089 cordiam et veniam expetierit, ei rancorem et indignationem remittat“. Martene Coll.
954 2071 2788 2137 II. 892, Bouquet Rec. XV. 902, Migne 200 p. 785. — „Dilectos filios nostros“.
373 2102 554 2201 „ 4.
689 2124 773 2206 „
901 2135 2865 2199 11997 (8043) Henrico, archiepiscopo Remensi, et P(etro), abbati S. Remigii, mandat,
950 2179 2865 2248 compellant G. clericum Gandavensem, ut Richardo clerico ablatam ecclesiae S. Pha-
950 2234 2865 2307 raildis praebendam restituat. Martene Coll. II. 893, Migne 200 p. 786. — „Ex
952 2301 1533 2354 transmissa conquestione“.
364 2292 552 2438 „ .
693 2338 768 2446 „
901 2336 2867 2420 11998 (8044) Henrico, archiepiscopo Remensi, significat, se R(oberti) episcopi Atre-
952 2404 2863 2466 batensis electionem confirmasse, eidemque petente Philippo comite Flandrensi con-
947 2466 2867 2519 cessisse, „ut a proximo festo pentecostes usque ad annum revolutum ad recipiendos
947 2517 2865 2583 ordines non debeat cogi“. Martene Coll. II. 893, Bouquet Rec. XV. 903, Migne 200
947 2572 1641 2634 p. 787. — „Sicut ex litteris“.
366 2599 552 2707 „ 5.
693 2619 751 2744 „
901 2612 2867 2685 11999 (8045) Henrico, archiepiscopo Remensi, et G(ualtero), episcopo Tornacensi, de
950 2683 2865 2744 abolendo pravo quodam more mandat. Martene Coll. II. 894, Bouquet Rec. XV. 904,
952 2733 2448 2797 Mansi XXI. 1078, Migne 200 p. 787. — „Relatum est auribus“.
368 2756 554 2859 „ 6.
684 2775 757 2862 „
899 2780 2865 2857 12000 (8046) Henrico, archiepiscopo Remensi, et G(altero), episcopo Laudunensi, mandat,
952 2850 2867 2903 iudicent inter canonicos Brugenses et R. presbyterum ecclesiae Dudasselensis. Mar-
945 2901 2423 2965 tene Coll. II. 895, Migne 200 p. 788. — „Cum dilectus filius“.
373 2945 554 3034 „ 6.
691 2954 751 3036 „
899 2950 2863 3016 12001 (8047) Henrico, archiepiscopo Remensi, mandat, diiudicet causam mulieris, paro-
947 3016 2865 3071 chianum ecclesiae S. Mariae Brugensis in matrimonium petentis. Martene Coll.
943 3062 2322 3131 II. 896, Migne 200 p. 789. — „Significavit nobis dilectus“.
368 3102 552 3204 „ 6.
687 3120 753 3191 „
901 3118 2865 3180 12002 Sententiam inter Offredum, episcopum Cremonensem, et priorem S. Iacobi Ponti-
947 3173 2863 3235 densem ab episcopo Brixiensi latam confirmat. Repert. dipl. Cremon. I. 47, Pflugk-
943 3226 2083 3297 Harttung Iter p. 273. — „Ea que compositione“.
371 3272 547 3358 „ 7.
682 3272 757 3345 „
899 3279 2863 3345 12003 (8048) Henrico, archiepiscopo Remensi, mandat, cogat Rain. comitem et Hen-
947 3343 2861 3398 ricum de Magnoprato, ut erepta P. presbytero reddant. Martene Coll. II. 897, Migne
950 3385 1665 3451 200 p. 790. — „Querelam P.“
364 3431 554 3566 „ „„
662 3442 757 3557 „
899 3442 2863 3511 12004 (8049) Henrico, archiepiscopo Remensi, mandat, hortetur et, „si cum assensu et
945 3504 2858 3615 pacse Ladndosien) Erancorum regis fieri possit. districte compellar“ GHugonem) episcopum
1137 187 2059 280 ALEXANDER III. 1159—1181.
