3007 3975
651 326 969 412 1171—1172.
731 386 2653 472 Suessionensem, ut cancellariam deponat, totumque se episcopali muneri tradat. Mar-
731 463 2651 536 tene Coll. II. 897, Bouquet Rec. XV. 904, Migne 200 p. 790. — „His, quae per-
731 523 919 583 tinent“.
382 512 623 660 aeeniani
128 556 346 638 Mart. 10.
680 565 2653 638 12005 (8050) Henrico, archiepiscopo Remensi, mandat, ut Iac. presbyteri et abbatis
729 620 2651 695 S. Salvatoris Virtuensis controversiam decernat. Martene Coll. II. 898, Migne 200
731 686 1630 757 p. 791. — „Constitutus in praesentia“.
682 739 2653 812 12006 (8051) Henrico, archiepiscopo Remensi, et G(altero) episcopo Laudunensi de
163 733 342 810 „ 11.
463 742 554 861 „
731 806 2651 867 controversia canonicorum S. Donatiani Brugensis et R. presbyteri Dudasselensis iterum
729 856 2408 918 scribit. Martene Coll. II. 899, Migne 200 p. 791. — „Licet in litteris“.
678 914 2651 976 12007 (8052) Henrico, archiepiscopo Remensi, mandat, ut Rogerum Tokellum et Gui-
161 894 342 991 „ 13.
470 901 565 1042 „
729 971 2653 1031 donem, filium Senescalli, qui „in thesaurarium ecclesiae Catalaunensis et clericos vio-
733 1024 2651 1090 lentas manus iniecerint“, excommunicet. Martene Coll. II. 900, Migne 200 p. 792.
735 1079 1409 1137 — „Ex parte Catalaunensis“.
678 1126 2653 1196 12008 (8053) Henricum, archiepiscopum Remensem, monet, ut P., quem ignorans filium
159 1124 338 1212 „ 13.
466 1117 561 1247 „
731 1194 2646 1254 esse sacerdotis ordinaverit, ecclesiae cuidam praeesse sinat. Martene Coll. II. 900,
731 1247 1833 1313 Migne 200 p. 792. — „Quoniam scriptum est“.
678 1298 2651 1373 12009 (8054) Henrico, archiepiscopo Remensi, significat, se receptis nunciis eius, (Hen-
154 1285 338 1422 „ 18.
455 1285 561 1417 „
729 1373 2651 1426 rico) episcopo Silvanectensi, qui contra decretum suum praebendam cum archidiacono
729 1424 2646 1484 diviserit, ius tribuendi praebendas ademisse. Hortatur, ut eidem episcopo gratiam
729 1470 2649 1543 suam restituat. Martene Coll. II. 901, Bouquet Rec. XV. 905, Migne 200 p. 793.
733 1534 1422 1601 — „Constituto in praesentia“.
680 1576 2646 1654 12010 (8055) Henrico, archiepiscopo Remensi, magistrum Gerardum excommunicatione,
159 1574 340 1662 „ 14.
457 1583 543 1689 „
733 1649 2649 1702 qua eum affecerat, absolutum remittit. Martene Coll. II. 902, Migne 200 p. 794.
731 1693 1431 1764 — „Constitutis in praesentia“.
154 1720 335 1821 „ 16.
678 1737 2649 1815 12011 (8056) Henrico, archiepiscopo Remensi, mandat, ut D. diacono ecclesiam de
463 1740 545 1832 „
733 1810 2646 1877 Masdeio, vel invito (Guidone) episcopo Catalaunensi, attribuat. Martene Coll. II. 903,
731 1863 1849 1932 Migne 200 p. 795. — „Veniens ad apostolicae“.
154 1885 333 2009 „ 17.
678 1923 2646 1991 12012 (8057) Abbatibus S. Remigii et S. Dionysii Remensis mandat, ut iudicent inter
466 1947 547 2011 „„
724 1983 2646 2058 G. Remensem et A. mulierem. Sirmondi Opp. III. 885, Mansi XXI. 957, Migne 200
729 2038 1380 2108 p. 795. — „Causam, quae“.
682 2084 2649 2155 12013 (8058) Henrico, archiepiscopo Remensi, mandat, ut Guidonem), episcopum Cata-
156 2058 338 2179 „ 17.
457 2053 547 2181 „
724 2148 2644 2212 launensem, qui mulieri excommunicatae contra praeceptum suum „cupiditate pecuniae
729 2208 2644 2263 absolutionis beneficium denegaverit, ab officii pontificalis exsecutione suspendat“.
726 2250 2315 2318 Martene Coll. II. 904, Migne 200 p. 796. — „Relatum est auribns“.
156 2290 338 2398 „ 17.
678 2305 2646 2373 12014 (8059) Henrico, archiepiscopo Remensi, mandat, ut Iohannem Brieter et Erle-
461 2301 552 2466 „
729 2373 2646 2431 winum canonicos, qui M. diaconum contumeliis conviciisque affecerint et violentas
722 2429 2644 2488 manus in eum iniecerint, excommunicet. Martene Coll. II. 904, Migne 200 p. 796.
729 2482 1246 2546 — „Quotiens a viris“.
156 2497 338 2623 „ 17.
680 2544 2642 2610 12015 (8060) Henrico, archiepiscopo Remensi, mandat, compellat canonicos Laudunenses,
461 2557 550 2621 „
729 2605 2644 2676 ut sororibus S. Petri Remensis illata damna sarciant. Martene Coll. II. 905, Migne
726 2658 1619 2722 200 p. 797. — „Ex parte abbatissae“.
676 2707 2642 2775 12016 (8061) Henrico, archiepiscopo Remensi, mandat, compellat lohannem Aculensem
154 2683 333 2784 „ 17.
457 2696 545 2784 „
724 2769 2642 2835 et eius sororem, ut Elisendi viduae libras 12 restituant. Martene Coll. II. 906,
724 2817 1771 2890 Migne 200 p. 797. — „Relatum est auribus“.
156 2864 338 2941 „ 21.
676 2868 2642 2934 12017 (8062) Henrico, archiepiscopo Remensi, mandat, ut homines S. Remigii ab in-
459 2881 545 2952 „
724 2926 2644 2987 iuriis canonicorum Suessionensium et Nicolai de Bazochis defendat. Martene Coll.
724 2992 2529 3047 II. 906, Bouquet Rec. XV. 906, Migne 200 p. 798. — „Ad apostolicae sedis“.
159 3043 335 3120 „ 22.
678 3045 2642 3113 12018 (8063) Gloscio) archiepiscopo Turonensi et (Stephano) episcopo Augustodunensi
459 3040 547 3155 „
724 3109 2642 3175 praescribit, excommunicationis sententiam ab Henrico, archiepiscopo Remensi, in Hen-
724 3162 2640 3224 ricum comitem prolatam quibus conditionibus suo nomine aut confirment, aut dissol-
729 3221 2638 3286 vant. Martene Coll. II. 907, Bouquet Rec. XV. 909, Migne 200 p. 798. — „Cum
724 3270 1011 3325 dilecti filii“.
676 3312 2642 3387 12019 (8064) Henricum, archiepiscopum Remensem, hortatur, ut „suffraganeos suos et
156 3297 338 3389 „ 22.
448 3319 550 3442 „
722 3380 2638 3440 maxime (Bartholomaeum) Bellovacensem episcopum ultra metam a SS. patribus prae-
726 3440 2635 3495 fixam non gravet“, utque cum Henrico comite in gratiam revertatur. Martene Coll.
726 3489 2507 3606 II. 208. Bongnet Rec. XX. 906. Migne 200 p. 800. — „Rtam sinceritais er“
2269 3548 2364 3659 82*
914 170 1844 260 ALEXANDER III. 1159—1181.
2520 178 2653 262 251
