3007 3975
313 181 441 265 252
863 326 1179 417 1171— 1172.
899 386 2863 465 12020 (8065) Henrico, archiepiscopo Remensi, de appellationibus consulenti, respondet.
598 364 830 541 cestn.
338 386 558 485 Mart. 22.
950 459 2861 525 Martene Coll. II. 911, Bouquet Rec. XV. 908, Mansi XXI. 1079, Migne 200 p. 802,
943 510 2861 578 (App. conc. Lat. X. 6. 7. 15, Coll. Lips. XLVII. 5. 6. 7, Coll. Cass. LI. 5. 6. 8,
943 569 2863 633 Coll. Bamb. XLII. 4. 5. 7, Comp. I. L. 2. t. 20. c. 5. 6. 7, Decr. Greg. L. II. t. 28.
943 620 2861 697 c. 5. 6. 7). — „Cum sacrosancta Romana“ „Cum sit Romana“ „Ad haec si in“
950 673 1687 744 „Si in una“ „Si duobus coram“.
899 735 2863 799 12021 (8066) (Ludovicum), Francorum regem, hortatur, ut Henricum, archiepiscopum
375 724 554 814 „ 22.
689 726 760 814 „
952 788 2865 856 Remensem, et Henricum comitem in gratiam reconciliet. Martene Coll. II. 912,
947 834 2657 909 Bouquet Rec. XV. 910, Migne 200 p. 803. — „Constitutis in praesentia“.
899 896 2865 967 12022 (8067) (Bartholomaeum), episcopum Bellovacensem, hortatur, ut (Henrico), archi-
377 881 556 980 „ 22.
698 901 753 984 „
947 954 2863 1033 episcopo Remensi, obediat. Martene Coll. II. 913, Migne 200 p. 804. — „Clerici
945 1013 1206 1075 et nuncii“.
897 1051 2865 1128 12023 (8068) (Willelmum, archiepiscopum Senonensem) hortatur, ut nepoti (Henrici),
375 1055 556 1146 „ 22.
691 1064 764 1137 „
947 1126 2867 1183 archiepiscopi Remensis, promissum archidiaconatum concedat. Martene Coll. II. 914,
947 1168 2662 1241 Bouquet Rec. XV. 907, Migne 200 p. 804. — „Venerabilis frater noster“.
899 1227 2867 1291 12024 Iohanni abbati et fratribus S. Iohannis de Vineis Suessionensibus asserit ecclesiam
375 1230 556 1316 „ 23.
700 1181 753 1311 „
945 1278 2863 1344 S. Martini de Monte Mirelli et alia quaedam a capitulo Suessionensi donata. In bibl.
945 1331 2865 1411 nat. Paris. Chartul. S. lohannis de Vineis ms. lat. 11004. s. XIII. f. 11“. — „Iustis
945 1395 1447 1450 petentium desideriis“.
899 1431 2867 1510 12025 (8069) (Petro) abbati S. Remigii et Fulconi decano Remensi mandat, ut civium
375 1404 558 1530 „ 24.
693 1415 760 1550 „
952 1508 2865 1574 burgensiumque quorumdam Remensium controversiam disceptent. Sirmondi Opp.
947 1548 2483 1616 III. 855, Mansi XXI. 925, Migne 200 p. 805. — „Cum olim ex“.
899 1603 2870 1676 12026 (8070) (Petro) abbati S. Remigii et Fulconi, decano Remensi, negotium dat, ut
371 1563 556 1707 „ „„
682 1556 762 1709 „
954 1671 2867 1729 R. et M. mulierum de quadam pauperum Vitriacensium domo controversiam diiudicent.
950 1718 2870 1786 Sirmondi Opp. III. 877, Mansi XXI. 949, Migne 200 p. 805. — „Ex transmissa
950 1782 1277 1848 conquestione“.
899 1826 2870 1899 12027 (8071) (Andream), episcopum Atrebatensem, denuo hortatur, ut R. nepoti Roberti
375 1828 556 1916 „ 25.
684 1795 771 1930 „
950 1890 2867 1954 Bug. vacantem praebendam tribuat. Martene Coll. II. 914, Bouquet Rec. XV. 911,
952 1941 1880 2009 Migne 200 p. 806. — „Non excidit a“.
899 1994 2865 2062 12028 (8072) Petro abbati S. Remigii Remensis mandat, compellat Gerardum de Roseio,
375 1972 558 2089 „ 30.
689 2000 773 2082 „
950 2044 2870 2113 ut quam invaserit, O. civis Remensis, Hierosolymam profecti, terram restituat. Sir-
950 2102 2865 2166 mondi Opp. III. 853, Mansi XXI. 923, Migne 200 p. 807. — „Relatum est nobis“.
901 2153 2867 2223 12029 (8073) Henrico, archiepiscopo Remensi, mandat, ut R. presbyterum ecclesiae de
346 2128 561 2283 U„ 2.
687 2137 786 2265 „
954 2223 2865 2285 Bonnis, fratribus S. Iohannis de Vineis subiectae, removeat. Martene Coll. II. 915,
952 2267 1946 2338 Migne 200 p. 807. — „Ex parte abbatis“.
899 2318 2867 2389 12030 (8074) Henrico, archiepiscopo Remensi, mandat, iudicet inter Helvidim de Sonunt,
377 2301 556 2420 „ 3.
691 2298 775 2486 „
952 2387 2870 2449 nobilem mulierem, et Aaliz feneratricem. Martene Coll. II. 916, Migne 200 p. 807.
952 2429 1723 2504 — „Ex transmissa conquestione“.
903 2477 2870 2555 12031 Inter fratres S. Iohannis de Vineis et S. Medardi Suessionenses compositionem
377 2486 563 2563 „ 3.
691 2491 775 2601 „
952 2539 2870 2610 super grangia de Suciaco factam approbat. Decumam de Cervenai illis asserit.
952 2588 2865 2665 Chartul. S. lohannis de Vineis ms. lat. 11004. s. XIII. f. 12 in bibl. nat. Paris. —
956 2650 1387 2722 „Ea quae iudicio“.
908 2691 2872 2773 12032 (8075) (Petrum), abbatem S. Remigii, et Fulconem, decanum Remensem, iudices
377 2683 563 2831 „ „
702 2678 757 2828 „
956 2767 2874 2822 oonstituit inter abbatem fratresque Dervenses et ecclesiae S. Nicolai Catalaunensis
954 2811 2872 2895 clericos. Sirmondi Opp. III. 876, Mansi XXI. 947, Migne 200 p. 808. — „Signi-
954 2879 1363 2934 ficaverunt nobis“.
905 2919 2872 2990 12033 (8076) Henricum, archiepiscopum Remensem, rogat, ut D. et G. clericis, e Tul-
380 2899 565 3007 „ 6.
695 2906 782 3032 „
958 2983 2870 3045 lensi episcopatu ortis, in dioecesi vel provincia Remensi munera deferat. Martene
958 3029 2870 3104 Coll. II. 916, Bouquet Rec. XV. 911, Calmet Hist. de Lorr. II. Pr. p. 358, Migne
961 3100 1886 3151 200 p. 809. — „Preces, quae caritatis“.
908 3142 2872 3210 12034 (8077) Henrico, archiepiscopo Remensi, mandat, ut „illum, qui dicitur Camera-
384 3146 572 3226 „ 7.
698 3149 788 3288 „
958 3202 2872 3274 censis electus“, (Petrum), quod abbatem Mareolensem „de equo praecipitari prae-
958 3259 2870 3319 ceperit et turpiter et inhumane tractari, ab ingressu ecclesiarum coerceat“. Martene
958 3314 2867 3369 Coll. II. 917, Bouquet Rec. XV. 912, Migne 200 p. 809. — „Insinuatum est nobis“.
912 3365 2870 3429 12035 (8078) Leges quasdam ecclesiae Carnotensis, a Willelmo, archiepiscopo Seno-
382 3347 574 3504 „ s
680 3361 782 3535 „
965 3418 2870 3480 nensi, apostolicae sedis legato, scriptas, confirmat. Theodori Poenitentiale II. 429,
961 3475 2867 3575 Lépinois et Merlet Cartul. I. 188, Migue 200 p. 810. — „Pontificalis auctoritatis“.
1126 167 2050 258 ALEXANDER III. 1159—1181.
