3007 3975
640 326 965 417 1171—1172.
119 375 342 485 Apr. 8.
375 375 614 485 Tusenlani
676 388 2649 472 12036 (8079) Henrico, archiepiscopo Remensi, mandat, ut G. presbytero ecclesiam a
729 468 2646 536 monachis S. Petri Catalaunensis inique ablatam reddat. Martene Coll. II. 918, Migne
724 523 1592 589 200 p. 811. — „Veniens ad nos G.“
156 574 338 651 „ 9.
461 591 550 660 „
680 576 2644 644 12037 (8080) Henrico, archiepiscopo Remensi, mandat, cogat Aicardum presbyterum,
729 638 2646 700 ut B. presbytero ablatam ecclesiae de Suast vicariam restituat. Martene Coll. II. 918,
731 693 1922 757 Migne 200 p. 812. — „Apostolica sedes tamquam“.
154 744 338 830 „ 10.
459 742 554 839 „
680 742 2642 810 12038 (8081) Henrico, archiepiscopo Remensi, mandat, compellat Robertum de Bove,
731 803 2644 861 ut A. canonico S. Petri Laudunensis vaccas bovesque abductos reddat. Martene Coll.
724 854 2642 912 II. 919, Bouquet Rec. XV. 912, Migne 200 p. 812. — „Ex conquestione dilecti“.
154 872 335 991 „ 10.
461 909 550 1004 „
676 912 2644 969 12039 (8082) Henrico, archiepiscopo Remensi, mandat, cogat Hugonem de Iuncheri, ut
722 962 2642 1029 fratribus S. Medardi Suessionensis contracta damna reconcinnet. Martene Coll. II. 920,
729 1018 2288 1077 Bouquet Rec. XV. 912, Migne 200 p. 813. — „Dilecti filii nostri“.
148 1075 335 1161 „ 11.
455 1015 550 1159 „
678 1062 2644 1139 12040 (8083) Henrico, archiepiscopo Remensi, mandat, iudicet inter fratres S. Iohannis
726 1135 2644 1194 de Vineis presbyterumque de Espier atque I. abbatem S. Medardi Suessionensis.
729 1185 2240 1252 Martene Coll. II. 920, Migne 200 p. 813. — „Quoniam abbas et“.
150 1238 333 1320 „ 14.
459 1245 552 1329 „
678 1241 2646 1298 12041 (8084) (Petro), abbati S. Remigii, et Fulconi, decano Remensi, mandat, com-
726 1296 2646 1362 pellant priorem de Abbatis-villa, ut decano Ambianensi pecuniam quamdam resti-
726 1351 2646 1422 tuat. Mansi, XXI. 948, Sirmondi Opp. III. 876, Migne 200 p. 814. — „Ex parte
722 1408 921 1470 decani“.
152 1455 335 1539 „ 17.
455 1466 550 1537 „
676 1448 2642 1528 12042 (8085) Henrico, archiepiscopo Remensi, mandat, ne fratres S. lohannis de Vineis,
724 1506 2644 1576 a Gilone milite vexari de decima quadam patiatur. Martene Coll. II. 921, Migne
726 1574 1632 1638 200 p. 814. — „Ex parte dilectorum“.
150 1625 338 1700 „ 17.
457 1627 552 1704 „
676 1616 2644 1691 12043 (8086) Henrico, archiepiscopo Remensi, mandat, compellat Adamum de Corbeia,
724 1682 2646 1744 ut Iohanni clerico marcas argenti tres restituat. Martene Coll. II. 922, Migne 200
722 1729 1537 1802 p. 815. — „Conquestus est nobis“.
152 1797 335 1868 „ 17.
457 1793 550 1870 „
676 1779 2649 1850 12044 (8087) Henrico, archiepiscopo Remensi, mandat, ut Mariam, civem Catalaunen-
724 1846 2646 1914 sem, a Radulfi burgensis iniuriis defendat. Martene Coll. II. 922, Migne 200 p. 815.
724 1901 1497 1969 — „Ex transmissa conquestione“.
152 1952 338 2027 „ 17.
461 1958 552 2038 „
680 1947 2651 2018 12045 (8088) Henrico, archiepiscopo Remensi, mandat, canonicos ecclesiae Laudunensis
726 2016 2651 2075 compellat, ut canonicis S. Petri allodium de Vallibus restituant. Martene Coll.
726 2071 2151 2124 II. 923, Migne 200 p. 816. — „Ex transmissa conquestione“.
154 2113 333 2192 „ 20.
452 2124 554 2186 „
680 2117 2651 2188 12046 (8089) Henrico, archiepiscopo Remensi, mandat, compellat provisorem S. Ste-
726 2179 2649 2241 phani, ut canonicos S. Trinitatis „coemeterium suum libere habere et ibi parrochianos
729 2237 2649 2307 suos sepelire permittat“. Martene Coll. II. 923, Migne 200 p. 816. — „Ex parte
722 2283 1007 2351 clericorum“.
156 2318 335 2413 „ 20.
459 2327 550 2429 „
680 2327 2649 2402 12047 (8090) Canonicis ecclesiae Laudunensis significat, decano eorum quid mandaverit.
731 2400 2193 2466 Martene Coll. II. 924, Migne 200 p. 817. — „Licet olim per“.
154 2438 340 2526 „ 26.
455 2424 558 2552 „
678 2440 2649 2524 12048 (8091) (Petro), abbati S. Remigii, et B., archidiacono Remensi, mandat, com-
729 2508 2646 2574 pellant I. de Hospitio, ut I. clerico libras sex restituat. Sirmondi Opp. III. 878,
729 2559 2176 2632 Mansi XXI. 949, Migne 200 p. 817. — „Querelam I. clerici“.
154 2559 338 2700 „ 26.
455 2614 556 2733 „
680 2621 2646 2687 12049 Ecclesiae S. lohannis de Vineis Suessionensis iura quaedam statuit; interdicit,
729 2669 2644 2740 ne „si ab aliquo canonicorum per archidiaconum pro eo, quod ipsum locat in stallo,
726 2729 2646 2797 palefredus exactus fuerit, eum sine aliqua ratione dare praesumat, ne uterque, dans
729 2784 2646 2850 videlicet et recipiens, propter simoniae vitium divina ultione plectatur“. In bibl.
724 2831 2649 2897 nat. Paris. Chartul. S. Ioh. de Vineis ms. lat. 11004. s. XIII. f. 10, (Louen Hist. de
726 2888 2134 2950 St. Jean des Vignes p. 295). — „Ordo exigit ecclesiasticae“.
152 2915 338 3016 „ 29.
455 2934 558 3018 „
678 2943 2649 3012 12050 (8092) Henrico, archiepiscopo Remensi, mandat, compellat canonicos Suessionenses
726 3005 2646 3062 et fratres Praemonstratenses ac sacerdotes de Troisli, ut A. canonico S. Iohannis de
731 3054 2649 3127 Vineis ablata restituant. Martene Coll. II. 925, Migne 200 p. 818. — „Veniens ad
724 3109 1038 3175 praesentiam“.
121 3160 338 3230 Mai. 1.
452 3160 556 3252 „
678 3162 2649 3230 12051 (8093) Petrum, abbatem S. Remigii, et Fulconem, decanum Remensem, iudices
726 3224 2644 3281 constituit inter abbatem ecclesiae omnium sanctorum de insula Catalaunensi et cano-
726 3270 2642 3352 nicos S. Trinitatis. Sirmondi Opp. III. 854, Mansi XXI. 924, Migne 200 p. 819.
729 3327 1193 3398 — „Causam,“ quae“.
150 3363 344 3537 „1.
437 3378 558 3592 „
680 3383 2644 3453 12052 (8094) Henrico, archiepiscopo Remensi, mandat, cogat canonicos Atrebatenses,
733 3442 2646 3520 ut Gf. sacerdoti ablatam ecclesiam S. Mauritii infra 40 dies restituant. Martene Coll.
731 3493 1800 3601 HI. 927 Migne 200 p. 819. — „Rx parte G.“
908 167 1833 273 ALEXANDER III. 1159—1181.
2520 176 2651 276 253
