3007 3975
311 196 437 273 254
855 335 1179 417 1171—1172.
589 384 826 569 poesta
888 404 2852 485 12053 (8095) Bartholomaco, episcopo Bellovacensi, et Petro, abbati S. Remigii Remensis,
331 386 552 483 Mai. 4.
938 477 2852 538 mandat, ut monasterium Flaviacense abbatis vitio labefactum reforment. Sirmondi
936 532 2854 600 Opp. III. 851, Bouquet Rec. XV. 917, Mansi XXI. 921, Migne 200 p. 820. — „Per-
934 585 1204 649 latum est“.
890 627 2856 700 12054 (8096) (Petro), abbati S. Remigii, et Fulconi, decano Remensi, mandat, com-
355 620 545 722 „ 4.
662 640 751 733 „
941 702 2856 761 pellant G., canonicum Ambianensem, ut reditus quosdam filiastrae R. militis de Vilario
938 753 2854 819 restituat. Sirmondi Opp. III. 883, Mansi XXI. 954, Migne 200 p. 821. — „Ex
941 810 1336 867 parte cuiusdam“.
890 852 2856 925 12055 (8097) (Petrum), abbatem S. Remigii, et Fulconem, decanum Remensem, iudices
353 848 545 918 „ 4.
669 850 751 971 „
936 916 2854 982 constituit inter R. de Vilers et Amilium militem de Becloi. Sirmondi Opp. III. 883,
936 962 2295 1042 (Mansi XXI. 955, Migne 200 p. 821). — „Causam, quae“.
892 1020 2858 1088 12056 (8098) Henrico, archiepiscopo Remensi, mandat, ut Hilardum presbyterum a
355 1013 543 1097 „ 4.
678 1013 748 1110 „
943 1082 2856 1141 T(heobaldo) episcopo Ambianensi deiectum et excommunicatum in integrum restituat.
941 1132 2635 1196 Martene Coll. II. 927, Migne 200 p. 822. — „Constitutus in praesentia“.
890 1181 2858 1249 12057 S(tephano) abbati et fratribus Viconiensibus asserit parochiam villae Aubruis, ab
355 1188 547 1254 „ 7.
667 1183 753 1309 „
943 1252 2854 1307 Andrea, episcopo Atrebatensi, concessam. In bibl. nat. Paris. Coll. Moreau t. 70.
936 1307 2456 1360 f. 244, (Neues Archiv VII. 100). — „Iustis petentium desideriis“.
890 1351 2856 1419 12058 (8099) Henrico, archiepiscopo Remensi, mandat, compellat Savem et Hugonem
355 1344 543 1444 „ 9.
669 1342 755 1428 „
945 1413 2856 1472 Vitulum, canonicos Atrebatenses, ut Wibaudo clerico ablatam ecclesiam S. Mauritii
943 1461 2858 1530 infra 40 dies reddant. Martene Coll. II. 928, Migne 200 p. 822. — „Conquestus
936 1521 1283 1587 in praesentia“.
357 1525 543 1643 „ 19.
888 1572 2856 1638 12059 (8100) Canonicis Praemonstratensibus se decrevisse nunciat, ut quem mortuo
676 1567 751 1693 „
941 1634 2856 1691 Philippo abbate, „neglecto ordinis instituto“ elegerint, abbas Belli-loci ad monasterium
938 1680 2856 1746 suum revertatur. Mandat, ut, adhibito G. abbate S. Martini (Laudunensi), ad novam
936 1742 2856 1808 electionem aggrediantur. Martene Coll. II. 929, Bouquet Rec. XV. 917, Migne 200
934 1790 1630 1863 p. 823. — „Credibile fuerat“.
357 1835 541 1936 „ 12.
888 1846 2856 1914 12060 (8101) (Petro) abbati S. Remigii Remensis mandat, ut Uberto magistro ecclesiae
673 1775 751 1947 „
938 1899 2856 1972 S. Timothei praebendam tribuat. Sirmondi Opp. III. 854, Mansi XXI. 924, Migne
936 1963 1705 2029 200 p. 824. — „Viris litteratis“.
362 1998 545 2102 „ 13.
888 2009 2856 2078 12061 (8102) (Henrico) episcopo Silvanectensi et abbati S. Medardi praecipit, ut ap-
673 2000 753 2106 „
938 2075 2856 2137 portata monasterio S. Remigii Remensi damna sarciant. Sirmondi Opp. III. 854,
941 2120 2317 2195 Mansi XXI. 924, Migne 200 p. 824. — „Ex parte dilecti“.
364 2135 547 2248 „ 12.
890 2173 2852 2245 12062 (8103) Henrico, archiepiscopo Remensi, mandat, ut C. abbatissam Melbodiensem,
673 2179 746 2250 „
938 2234 2856 2301 irrogata monialibus, quae eam eiecerint, poena, in integrum restituat. Martene Coll.
936 2292 2112 2360 II. 931, Migne 200 p. 825. — „Culpae maculam“.
362 2318 543 2424 „ 12.
888 2336 2854 2415 12063 Petro abbati et fratribus S. Remigii Remensis litteras dat. Neues Archiv VII. 100.
680 2340 748 2438 „
941 2398 1509 2473 — „Religiosorum votis“.
364 2429 545 2519 „ 13.
890 2444 2856 2528 12064 Stephano, abbati Viconiensi, bullam dat. Neues Archiv VII. 100. — „Iustis
680 2429 746 2526 „
936 2513 1208 2577 petentium“.
890 2552 2856 2627 12065 (8104) Petro, abbati S. Remigii, et Fulconi, decano Remensi, mandat, ut Wil-
362 2548 545 2636 „ 17.
678 2559 753 2641 „
938 2612 2856 2685 lermi et civis cuiusdam Remensis litem discernant. Sirmondi Opp. III. 859, Mansi
941 2667 2156 2744 XXI. 929, Migne 200 p. 826. — „Ex insinuatione“.
362 2714 547 2835 „ 17.
890 2720 2856 2793 12066 (8105) Henricum, archiepiscopum Remensem, reprehendit, quod „suffraganeos
671 2725 751 2837 „
938 2786 2854 2848 suos tamquam simplices clericos gravet et eorum ecclesias et clericos tamquam suos
938 2831 2854 2912 proprios pertractet“. Martene Coll. II. 931, Bouquet Rec. XV. 918, Migne 200
941 2892 1800 2961 p. 826. — „Quanto personam tuam“.
366 2921 547 3023 „ 17.
890 2943 2856 3012 12067 (8106) Henrico, archiepiscopo Remensi, mandat, ut lordanem civem iubeat a
673 2921 757 3029 „
941 3007 2856 3067 (Theobaldo), episcopo Ambianensi, pro absoluto haberi; „quia“ inquit „in sacris cano-
938 3060 2854 3122 nibus expressum habetur, quod pro forisfacto dominorum, eorum familiae excommu-
938 3113 2852 3184 nicari non debeant“. Martene Coll. II. 932, Migne 200 p. 827. — „Ad audientiam
936 3175 1164 3233 nostram“.
892 3221 2854 3286 12068 Privilegium, quo capellam S. Stephani precibus Henrici comitis „usque ad septen-
362 3210 545 3290 „ 18.
676 3151 760 3356 „
943 3281 2852 3343 nium“ a potestate episcopi Trecensis exemerat, cassat. Pflugk-Harttung Acta I. 250.
945 3339 1506 3405 — „Venientes olim ad“.
890 3380 2854 3453 12069 Decanum et canonicos S. Stephani Trecenses de privilegii cassatione (vide 12068)
371 3358 550 3531 „so
660 3365 766 3555 „
941 3442 2854 3522 certiores facit mandatque, ut Mathaeo episcopo debitam obedientiam praestent. Pflugk-
943 3493 2043 3597 Harttung Acta I. 251. — „Quoniam ex parte“.
1120 185 2045 273 ALEXANDER III. 1159—1181.
