3007 3975
640 344 961 432 1171—1172.
375 386 612 510 Tosenlani
671 404 2642 490 12070 (8107) (Petro) S. Remigii et (Guidoni) S. Nicasii Remensis abbatibus mandat,
114 401 338 494 Mai. 20.
722 481 2642 547 ut E. mulieris et G. litem super 55 solidis discernant. Sirmondi Opp. III. 888,
722 530 2253 596 Mansi XXI. 958, Migne 200 p. 827. — „Ex transmissa relatione“.
676 591 2642 651 12071 R(olando) episcopo Grossetano mandat, ut, loco a comite Ildebrandino monia-
152 580 335 671 „ 21.
452 596 543 671 „
724 638 2644 708 libus Montis Cellensis assignato, ubi ecclesiam in honorem S. Angeli aedificare pos-
722 704 2644 764 sent, „lapidem, cum ab eis requisitus fuerit, tradat“ iuraque ecclesiae constructae
724 759 2642 817 observari faciat. Cappelletti Chiese d'It. XVII. 648. — „Dilectum filium nostrum“.
676 806 2644 874 12072 (8108) Henrico, archiepiscopo Remensi, scribit, ut Robertum clericum, qui coactus
152 803 335 889 „ 23.
457 812 543 883 „
724 870 2644 925 homicidio interfuerit, poenitentiamque ob eam rem peregerit, „absolutum animad-
731 925 2644 987 versa eius litteratura ad sacros ordines promoveat“. Martene Coll. II. 933, Migne
726 978 1712 1044 200 p. 828. — „Ex transmissa relatione“.
673 1033 2646 1090 12073 (8109) Henrico, archiepiscopo Remensi, mandat, iudicet inter Odierium burgensem
152 1037 335 1104 „ 26.
463 1031 545 1113 „
722 1075 2642 1157 Laudunensem et Mauritium clericum. Martene Coll. II. 936, Migne 200 p. 828. —
724 1139 1232 1201 „Causam, quae inter“.
673 1192 2646 1258 12074 (8110) Claraevallensi et S. Remigii Remensis abbatibus mandat, ut inclinatas
152 1192 335 1265 „ 28.
463 1194 547 1280 „
724 1252 2642 1318 res monasterii Dervensis restituant. Sirmondi Opp. III. 881, Bouquet Rec. XV. 919,
726 1307 2185 1366 Mansi XXI. 952, Migne 200 p. 829. — „Cum dilectum filium“.
678 1364 2646 1424 12075 (8111) Henrico, archiepiscopo Remensi, mandat, compellat G(uidonem), episcopum
117 1316 338 1437 lun. 4.
457 1360 552 1437 „
722 1413 2649 1479 Catalaunensem, ut Viviano presbytero ecclesiam S. Memmii de Cosantia restituat.
724 1468 2372 1532 Martene Coll. II. 937, Migne 200 p. 830. — „Veniens ad apostolicae“.
676 1521 2644 1587 12076 (8112) Henrico, archiepiscopo Remensi, mandat, ut leprosis Sparnacensibus „ca-
148 1503 333 1598 „ 7.
461 1519 552 1614 „
722 1583 2644 1649 pellanum concedat et coemeterium benedicat“. Martene Coll. II. 937, Migne 200
722 1634 1380 1696 p. 830. — „Humanum est“.
673 1689 2646 1753 12077 (8113) Henrico, archiepiscopo Remensi, mandat, ut Lamberto presbytero ablatam
150 1691 333 1768 „ 9.
457 1693 547 1779 „
724 1751 2646 1813 ecclesiam S. Memmii de Cosantia restitui a (Guidone) episcopo Catalaunensi iubeat.
726 1799 2412 1868 Martene Coll. II. 938, Migne 200 p. 830. — „Constitutus in praesentia“.
676 1855 2649 1919 12078 (8114) Praeposito et decano Remensi mandat, cogant Radulfum Traditorem, ut
152 1846 335 1943 „ 11.
463 1855 547 1938 „
726 1916 2646 1974 decimas quasdam Stephano de Roi restituat. Sirmondi Opp. III. 879, Mansi XXI.
722 1969 2070 2036 951, Migne 200 p. 831. — „Ex transmissa conquestione“.
678 2016 2649 2084 12079 (8115) Henricum, archiepiscopum Remensem, monet, ne capituli b. Mauritii
152 2014 331 2091 „ 11.
455 2022 547 2122 „
729 2078 2646 2139 Turonensis iura laedi a parochianis suis sinat. Martene Coll. II. 939, Migne 200
722 2128 1557 2195 p. 831. — „Si pontificalis officium“.
678 2190 2646 2254 12080 Agneti abbatissae et sororibus S. Mariae Santonensibus concessam ab Ademaro,
152 2179 338 2263 „ 11.
461 2197 552 2256 „
722 2241 2646 2303 eiusdem urbis episcopo, ecclesiam S. Mariae de Arpes confirmat. Grasillier Cart.
724 2305 2182 2358 inéd. de la Saintonge II. 129. — „Iustis petentium desideriis“.
680 2351 2649 2415 12081 (8116) Henricum, archiepiscopum Remensem, hortatur, ut importata fratribus
156 2340 340 2426 „ 16.
459 2349 556 2429 „
724 2411 2646 2475 S. Basoli detrimenta reconcinnet. Martene Coll. II. 939, Bouquet Rec. XV. 920,
726 2464 1884 2524 Migne 200 p. 832. — „Et generositas sanguinis“.
680 2517 2649 2579 12082 (8117) Henrico, archiepiscopo Remensi, B. et R. clericos absolutos excommuni-
156 2513 335 2592 „ 16.
466 2517 550 2619 „
724 2574 2518 2641 catione commendat. Martene Coll. II. 941, Migne 200 p. 833. — „B. et R.“
678 2621 2646 2694 12083 (8118) Henrico, archiepiscopo Remensi, concedit, ut Arnulfum de Landast, „qui
156 2599 340 2700 „ 18.
457 2621 556 2711 „
729 2687 2646 2753 pro violenta manuum iniectione in presbyterum sententiam excommunicationis incur-
729 2740 2649 2806 rerit“, absolvat. Martene Coll. II. 941, Bouquet Rec. XV. 921, Migne 200 p. 834.
726 2795 1212 2862 — „Cum tibi sicut“.
676 2842 2649 2910 12084 (Geraldo) episcopo et canonicis S. Stephani Lemovicensibus praecipit, ut populum
159 2824 340 2930 „ 20.
455 2817 552 2928 „
724 2908 2646 2965 episcopatus non solum ecclesiam cathedralem sed etiam, iuxta antiquam consuetu-
726 2959 2649 3018 dinem, monasterium S. Martialis annuatim visitare cogant. S(tephanum) archiepi-
731 3009 2646 3076 scopum Bituricensem de mandato suo certiorem factum esse scribit. Loewenfeld
729 3071 1767 3133 Epistolae p. 142. — „Conquerentibus nobis“.
678 3115 2646 3191 12085 (8119) W(illelmo) Autissiodorensi et M(atthaeo) Trecensi episcopis mandat,
156 3067 340 3191 „ 25.
463 3131 554 3199 „
731 3184 2649 3239 iudicent inter (Stephanum), episcopum Eduensem, et Seguinum, abbatem S. Poten-
731 3235 2644 3299 tiani Castri-Censorii. Bouquet Rec. XV. 921, Charmasse Cart. de l'év. d'Autun p. 249,
733 3283 1701 3356 Migne 200 p. 834. — „Cum dilecti filii“.
678 3332 2649 3414 12086 (8120) (Stephano), episcopo Eduensi, praecipit, „quatenus canonicis S. Potentiani
134 3325 245 3462 („)
450 3281 567 3467 „„)
729 3398 2646 3462 de Castro-Censorii auctoritatem suam nequaquam opponat, quominus electionem eorum
729 3453 2644 3528 canonice factam ratam habeat“. Bouquet Rec. XV. 923, Charmasse Cart. de Iév.
731 3511 1599 3617 dAmtun p. 251. — „Quanto arctius“.
908 185 1833 280 ALEXANDER III. 1159—1181.
2514 185 2642 289 255
