3007 3975
338 203 463 298 256
883 355 1204 432 1171—1172.
618 375 857 505 Tarantani
919 412 2883 501 12087 (8121) Henrico, archiepiscopo Remensi, mandat, ut „de reditibus, quos abbas
357 390 583 512 Lun. 25.
967 494 2883 552 Caladiensis, schismatica contagione respersus, habeat in provincia eius, abbatissae
965 543 2883 613 S. Petri Remensis damna illata resarciri“ iubeat. Martene Coll. II. 942, Migne 200
967 605 1833 660 p. 836. — „Ex transmissa relatione“.
919 658 2887 719 12088 (8122) Henrico, archiepiscopo Remensi, mandat, cogat milites quosdam dioecesis
395 644 576 733 „ 26.
707 649 790 788 „
969 708 2885 772 Suessionensis, ut fratribus S. Iohannis de Vineis ablatam decimam de Cervenai resti-
967 766 2750 823 tuant. Martene Coll. II. 942, Migne 200 p. 837. — „Conquesti sunt nobis“.
919 821 2885 885 12089 (8799) Capitulum ecclesiae Bremensis docet, laicos ad eligendum archiepiscopum
395 812 572 892 „ 29.
707 772 790 903 „
972 881 2885 938 non esse admittendos, „licet in electione pontificis favor principis debeat assensusque
972 927 2885 998 requiri“. Lappenberg Hamb. Urk. I. 215, Migne 200 p. 1270. De tempore vide
969 984 2885 1053 Below Die Entstehung des ausschl. Wahlr. der Domkapitel p. 49, ubi epistola non
969 1044 2160 1099 satis accurate a. 1171 ascribitur. — „Relatum est“.
919 1095 2887 1161 12090 Capitulo Mediolanensi confirmat „consuetudines et traditiones, quemadmodum in
355 1026 574 1188 ut. a
698 1088 795 1201 „
969 1159 2883 1225 autentico scripto Galdini archiepiscopi continentur“. Pflugk-Harttung Iter p. 273. —
965 1207 1409 1269 „Iustis petentium“.
916 1256 2883 1331 12091 R(aimundo) abbati et fratribus S. Ruffi indulget, ut chrisma, oleum sanctum,
386 1260 572 1349 „ 8.
700 1263 790 1362 „
969 1318 2885 1378 consecrationes altarium seu basilicarum, ordinationes clericorum ab episcopo dioe-
967 1373 2887 1431 cesano suscipiant, si catholicus fuerit et gratis ea facere voluerit, alioquin eis alium
967 1419 2887 1490 antistitem adire liceat. Codex dipl. ord. S. Ruffi, quem composuit et possidet Ulyses
967 1488 2171 1539 Chevalier Romanensis, f. 15. — „Quotiens a nobis“.
916 1528 2885 1598 12092 (8123) Henrico, archiepiscopo Remensi, mandat, compellat abbatem Compendien-
391 1532 572 1605 „ 8.
700 1532 795 1667 „
972 1590 2885 1654 sem et Petrum de Tornella et R. filium eius, ut villas Prunastr., Fabarol. et Mes-
969 1649 2885 1709 vilers, quas violentis vexaverint exactionibus, „in ea libertate et immunitate, in qua
967 1698 2885 1766 tempore canonicorum fuisse noscantur, dimittant“. Martene Coll. II. 943, Bouquet
969 1762 2260 1821 Rec. XV. 923, Migne 200 p. 837. — „Homines trium“.
921 1813 2889 1872 12093 (8124) Henrico, archiepiscopo Remensi, mandat, ut Wermundum militem impor-
395 1804 576 1890 „ 11.
700 1808 795 1879 „
969 1863 2887 1927 tata G. canonico Catalaunensi damna sarcire cogat. Martene Coll. II. 944, Migne
967 1916 1891 1980 200 p. 838. — „Conquerente nobis G.“
916 1965 2887 2038 12094 (8125) Henrico, archiepiscopo Remensi, mandat, ne Sebertum civem a Calvino
395 1969 576 2051 „ 14.
707 1972 788 2053 „
967 2033 2885 2091 et eius uxore vexari de domo quadam sinat. Martene Coll. II. 946, Migne 200
965 2082 1696 2153 p. 839. — „Querelam Seberti“.
919 2135 2887 2201 12095 (8126) Henrico, archiepiscopo Remensi, Iohannem Multonem commendat. Mar-
395 2128 576 2217 „ 14.
711 2137 790 2210 „
967 2192 2432 2254 tene Coll. II. 946, Migne 200 p. 839. — „Cum dilectus filius“.
919 2252 2887 2318 12096 (8127) (Henrico), archiepiscopo Remensi, significat, allatum sibi esse, „magistrum
395 2237 574 2334 „ 15.
704 2248 790 2362 „
967 2309 2885 2367 scholarum Catalaunensis ecclesiae in terra abbatis S. Petri de Montibus sibi scho-
969 2365 2881 2420 larum magisterium vindicare, et nullum per abbatem ibi regere scholas permittere“.
969 2418 2883 2482 Mandat, praecipiat tam abbati quam magistro scholarum, „ne aliquem probum et
972 2475 2883 2530 et litteratum virum regere scholas in civitate vel suburbiis, ubi voluerit, prohibeant“.
972 2524 2883 2594 Sirmondi Opp. III. 880, Bouquet Rec. XV. 924, Mansi XXI. 952, Migne 200 p. 840.
974 2581 1590 2638 — „Dilectus filius noster“.
916 2632 2887 2696 12097 (8128) Henrico, archiepiscopo Remensi, mandat, ne T. clerici ecclesiam de Ac-
395 2574 576 2709 „ 16.
704 2594 790 2760 „
972 2698 2885 2756 citicuria vexari a Guidone, episcopo Catalaunensi, patiatur, utque A. de Possessa,
972 2751 2885 2809 nobilem virum, illata eidem clerico damna sarcire cogat. Martene Coll. II. 947,
972 2791 2003 2870 Migne 200 p. 840. — „Ex conquestione T.“
921 2855 2887 2917 12098 (8129) Henrico, archiepiscopo Remensi, mandat petente P(hilippo) comite Flan-
402 2835 583 2941 „ 25.
711 2822 788 2937 „
969 2912 2885 2970 drensi, ut Drogonem „circa (Petrum) Cameracensem electum manere permittat“. Mar-
969 2968 2883 3025 tene Coll. II. 948, Bouquet Rec. XV. 924, Migne 200 p. 841. — „Auditis gravibus et“.
923 3012 2885 3082 12099 (8130) Henrico, archiepiscopo Remensi, mandat, ut Odonis de S. Dionysio et
404 3005 583 3118 „ 26.
711 3014 786 3111 „
972 3078 2889 3135 Pagani Anglici et uxoris eius, quondam filiae Genovefae de S. Germano, „super qua-
972 3131 2885 3193 dam fenestra, quae est super pontem magnum primum“ (Parisiensem), controversiam
969 3186 2794 3244 decernat. Martene Coll. II. 948, Migne 200 p. 842. — „Causam, quae inter“.
923 3237 2887 3303 12100 (8131) Henricum, archiepiscopum Remensem, monet, ut canonicos Compendienses
402 3191 585 3321 „ 26.
707 3224 790 3327 „
974 3292 2885 3365 tueatur. Martene Coll. II. 949, Bouquet Rec. XV. 925, Migne 200 p. 842. — „Hllos
972 3347 1188 3418 speciali“.
925 3398 2889 3464 12101 Praeposito Magalonensi concedit, ne in ecclesias ad eius ordinationem pertinentes
689 3400 795 3564 „
408 3396 585 3526 „ 36.
978 3458 2885 3526 episcopus Magalonensis interdicti sententiam promulgare audeat. Mém. de la soc.
976 3515 2125 3619 de Montpellier V. 525. — „Si quando postulatur“.
1144 194 2070 293 ALEXANDER III. 1159—1181.
