3007 3975
627 344 947 430 1171—1172.
660 397 2626 488 12102 R(adulpho) decano et capitulo Ambianensi bullam tribuit. Neues Archiv VII.
353 404 600 496 Tusculani
108 399 331 510 Iul. 29.
720 485 1259 547 101. — „In his quae“.
662 525 2631 594 12103 (8132) Henrico, archiepiscopo Remensi, mandat, persuadeat Ludovico, Francorum
108 538 326 622 Aug. 3.
461 547 534 649 „
713 591 2631 649 regi, ut filium suum coronandum curet. „Nam“ inquit „illustris imperator Constan-
715 644 2631 706 tinopolitanus (Manuel) providere cupiens, ne imperium suum aliqua posset mutatione
713 702 2633 759 turbari, filium, cum vix sit triennis, iam fecit coronari et ei totum imperium iura-
715 761 2633 817 mento fidelitatis astringi, et hoc idem alias sublimes personas fecisse vidimus“.
720 808 2633 878 Martene Coll. II. 950, Bouquet Rec. XV. 925, Migne 200 p. 843. — „Dum atten-
715 867 969 923 dimus et“.
669 909 2635 980 12104 (8133) Henrico, archiepiscopo Remensi, mandat, hortetur B. clericum et R. socium
141 920 324 993 „ 5.
452 923 536 1018 „
718 980 2635 1037 eius, ut canonico S. Iohannis de Burgo Laudunensi de illatis iniuriis satisfaciant.
718 1029 2313 1086 Martene Coll. II. 951, Migne 200 p. 844. — „Ex litteris venerabilis“.
669 1088 2635 1146 12105 (8134) (Petro abbati S. Remigii Remensis?) mandat, cogat Rolandum, ut Euronio,
145 1071 326 1166 „ 8.
461 1097 539 1170 „
715 1141 2635 1199 excommunicatione soluto, res ablatas restituat. Sirmondi Opp. III. 883, Mansi XXI.
715 1201 2061 1263 954, Migne 200 p. 844. — „Ex transmissa conquestione“.
667 1236 2635 1311 12106 (8135) Petro, abbati S. Remigii Remensis, mandat, ut Guidonis orphani haere-
139 1188 326 1322 „ „
452 1247 543 1318 „
713 1307 2633 1371 ditatem contra N. eiusque nepotes tueatur. Sirmondi Opp. III. 860, Mansi XXI. 930,
718 1360 1734 1426 Migne 200 p. 845. — „Ex parte Guidonis“.
669 1402 2633 1484 12107 (8136) (Petro) abbati et capitulo S. Remigii-Remensis commendat M. clericum,
145 1397 326 1514 „ 9.
455 1431 547 1521 „
720 1461 2635 1532 cui beneficium ecclesiasticum tribuant. Sirmondi Opp. III. 880, Mansi XXI. 951,
718 1519 1661 1592 Migne 200 p. 845. — „Pastoralis cura“.
669 1570 2638 1638 12108 Quae abbates Corbeienses (d. Ambian.) de mense sua conventui Corbeiensi con-
143 1499 329 1660 1.
461 1514 543 1658 „
722 1629 2640 1698 tulerint, ea confirmat. (Bulla Iohanni abbati directa est.) In bibl. nat. Paris. Cart. de
718 1696 2308 1751 Corbie ms. lat. 17759. S. XIII—XIV. f. 36. — „Relatum est nobis“.
669 1740 2640 1808 12109 (8137) Henrico, archiepiscopo Remensi, mandat, ut R. et Willelmum, ecclesiae
154 1740 331 1835 „ 22.
448 1740 550 1832 „
720 1797 2640 1861 S. Donatiani Brugensis canonicos, excommunicet, quod R. presbyterum ignominiose
720 1850 2638 1919 expulerint, utque presbyterum in integrum restituat. Sirmondi Opp. III. 859, Mansi
722 1905 1900 1976 XXI. 930, Migne 200 p. 846. — „Constitutus in“.
669 1963 2640 2029 12110 (8138) (Petro), abbati S. Remigii, et Fulconi, decano Remensi, mandat, iudicent
143 1899 329 2047 „„„
446 1881 554 2120 „
722 2016 2642 2089 inter Constantium subdiaconum et G. de Poegni. Sirmondi Opp. III. 882, Mansi
726 2078 1900 2142 XXI. 953, Migne 200 p. 847. — „Constitutus in“.
673 2117 2640 2201 12111 (8140) Ecclesiam Strengnesensem tuendam suscipit, eiusque possessiones „et
112 2104 335 2201 Sept. 7.
459 2122 554 2325 „
724 2190 2640 2245 specialiter Neeric, sicut a rege et ab Eskilo, Lundensi archiepiscopo, confirmata est“,
722 2232 2642 2298 corroborat, petente Guillelmo episcopo. Sirmondi Opp. III. 869, Liliegren Dipl. Suec.
724 2298 2642 2356 I. 86, Ornh;alm Hist. Sueon. p. 538, Mansi XXI. 940, Migne 200 p. 848. — „Fratres
720 2347 1095 2418 et coepiscopos“.
676 2391 2640 2477 12112 (8141) Colonem, episcopum Lincopiensem, approbat, quem memorat creatum esse,
150 2396 335 2475 „ 8.
448 2378 543 2486 „
724 2464 2644 2519 cum Stenar. episcopus „claustralem quietem episcopali honori praeposuisset et ponti-
722 2517 2644 2574 ficalem dignitatem (licct absque auctoritate Romani pontificis) in manu Eskili Lun-
722 2568 2644 2636 densis archiepiscopi, apostolicae sedis legati, et regalia coram rege et primatibus
724 2616 2642 2694 regni libere et spontanee resignasset“. Sirmondi Opp. III. 868, Litiegren Dipl. Suec.
729 2667 2642 2751 I. 85, Ornhalm Hist. Sueon. p. 535, Mansi XXI. 939, Migne 200 p. 849. — „Ex
724 2733 1071 2802 dispensatione“.
676 2778 2644 2850 12113 (8142) (Stephano) archiepiscopo Upsaliensi eiusque suffraganeis scribit, accepisse
154 2771 338 2948 „ 2.
450 2789 547 2941 „
726 2848 2644 2903 se, apud eos „quasdam mulieres prolis suae procurare interitum, earumque corruptores
726 2901 2644 2956 tam horrendo et detestando facinori non solum consentire, verum etiam illud per-
729 2956 2644 3012 suadere; alios incestuosa coniunctione, plerosque cum iumentis abominanda se pol-
729 3007 2642 3074 lutione commaculare; quosdam sacerdotes cum sicca faece vini vel cum micis panis,
731 3065 2644 3124 vino intinctis, missam celebrare; fideles laicos absque sacerdotali benedictione et
731 3120 2644 3173 missa matrimonium contrahere“. Quae scelera exstirpari iubet. Sirmondi Opp.
731 3171 2644 3241 III. 866, Liliegren Dipl. Suec. I. 83, Ornh;älm Hist. Sueon. p. 507, Mansi XXI. 937,
733 3228 1694 3292 Migne 200 p. 850. — „Vice beati Petri“.
680 3270 2646 3343 12114 (8143) (Stephanum) archiepiscopum Upsaliensem eiusque suffraganeos et Guther-
156 3283 338 3347 „ 9.
455 3263 558 3356 „
733 3341 2644 3396 mum ducem hortatur, ne amplius Finnis (qui „semper, imminente sibi exercitu ini-
731 3394 2644 3462 micorum, fidem servare christianam promittant, et praedicatores et eruditores chri-
733 3447 2644 3515 stianae legis desideranter requirant, et recedente exercitu, fidem abnegent, praedica-
737 3495 2640 3599 tores contemnant et graviter persequantur“) auxilium ferant. „nisi“ inqnit „munitiones.
167 3542 744 3652 Regesta Pont Ronsn. Ed ese I.
2299 3553 2375 3641 33
894 183 1820 276 ALEXANDER III. 1159—1181.
2496 189 2624 289 257
