3007 3975
342 189 468 282 258
888 340 1206 441 1171— 1173.
967 399 2883 483 si quas habent, vobis tenendas assignent, aut alias adeo sufficientem cautionem ex-
972 481 2885 541 hibeant et securitatem, quod amodo nullatenus pedes retrahere valeant“. Sirmondi
969 525 2883 598 Opp. III. 870, Liliegren Dipl. Suec. I. 87, Ornh;älm Hist. Sueon. p. 491, Rydberg
967 578 2832 644 Sverg. Trakt. I. 84, Mansi XXI. 940, Migne 200 p. 852. — „Gravis admodum“.
357 589 578 717 Sept. 3.
616 587 861 726 raaenlani
914 633 2883 713 12115 (8144) (Augustinum) archiepiscopum Trundensem et A(mundum) quondam epi-
967 700 2883 757 scopum Stavengriensem hortatur, ut Fulconi, Estonum episcopo, „qui ad convertendam
972 757 2885 817 gentem illam ministerium praedicationis et laborem proponat assumere, Nicolaum mona-
972 810 2885 867 chum, de gente illa oriundum, in socium concedant“. Sirmondi Opp. III. 870, Liliegren
969 854 2885 923 Dipl. Suec. I. 88, Ornh;älm Hist. Sueon. p. 492, Bunge Livl. Urkundenb. I. 5, Mansi
967 909 2651 973 XXI. 941, Migne 200 p. 852. Cf. Reuter III. 776. — „Lex divina et“.
919 969 2883 1033 12116 (8145) (Theobaldo), episcopo Ambianensi, et Petro, abbati S. Remigii Remensis,
391 965 574 1046 „ 9.
713 973 788 1042 „
972 1031 2883 1086 mandat, iudicent inter (Gualterum) episcopum Tornacensem et Danielem presbyterum,
969 1079 2883 1148 ab episcopo ecclesia privatum. Sirmondi Opp. III. 857, Mansi XXI. 927, Migne 200
967 1132 1699 1199 p. 853. — „Cum olim Daniel“.
916 1185 2885 1252 12117 (8146) (Stephanum) archiepiscopum Upsaliensem et universos suffraganeos eius
397 1185 578 1265 „ 10.
709 1185 784 1263 „
969 1247 2885 1302 tam in Suetia, quam in Gothia constitutos ad abolendas pravas quasdam consuetu-
969 1291 2883 1362 dines hortatur: ne ecclesiae beneficiaque ecclesiastica a laicis concedantur, neu clerici
969 1355 2881 1417 subire laicorum iudicia cogantur. Sirmondi Opp. III. 860, Liliegren Dipl. Suec.
972 1413 2883 1472 I. 77, Ornhjälm Hist. Sueon. p. 500, Rydberg Sverg. Trakt. I. 86, Mansi XXI. 931,
969 1470 2019 1523 Migne 200 p. 854. — „Constituti a domino“.
919 1521 2883 1578 12118 (8147) Reges et principes et alios Christi fideles per regna Danorum, Nor-
391 1512 574 1596 „ 11.
700 1523 793 1649 „
967 1572 2878 1638 wegensium, Guetomorum (Sueorum?) et Gothorum constitutos hortatur, ut Estones et
969 1620 2883 1693 „alios paganos illarum partium, adversus Dei fideles et christianae fidei cultores gravius
967 1687 2883 1749 insurgentes“, bello persequantur; iisque eandem peccatorum veniam proponit, qua
969 1740 2883 1799 „sepulcrum dominicum visitantes“ fruantur. Sirmondi Opp. III. 866, Liliegren Dipl.
967 1797 2881 1857 Suec. I. 82, Rydberg Sverg. Trakt. I. 93, Bunge Livl. Urkundenb. I. 5, Mansi XXI. 936,
967 1839 1981 1916 Migne 200 p. 860. — „Non parum animus“.
914 1899 2881 1967 12119 (8149) (Theobaldo), episcopo Ambianensi, et Petro, abbati S. Remigii Remensis,
395 1850 576 1978 „ 16.
704 1914 786 2042 „
965 1958 2881 2020 mandat, cognoscant de causa (Gualteri), episcopi Tornacensis, a Daniele, presbytero
965 2016 2876 2075 S. Iohannis Gandavensis, violentae exactionis accusati. Sirmondi Opp. III. 858,
967 2071 2448 2126 Mansi XXI. 929, Migne 200 p. 862. — „Cum ex insinuatione“.
916 2111 2883 2184 12120 (8150) Universos Dei fideles per Daciam constitutos hortatur, ut Fulconis, Esto-
393 2108 576 2197 „ 17.
702 2113 784 2199 „
965 2175 2881 2237 num episcopi „ad convertendam gentem illam totis viribus elaborantis“, inopiam sub-
963 2232 2881 2301 levent. Sirmondi Opp. III. 865, Bunge Livl. Urkundenb. I. 7, Mansi XXI. 936,
965 2285 1906 2358 Migne 200 p. 862. — „Omnes, qui pie“.
919 2340 2881 2409 12121 *Fulconi, episcopo Estonum, ecclesias dedicare clericosque ordinare permittit.
366 2312 466 2418 („)
707 2347 777 2426 „
963 2402 2881 2455 Celse Appar. ad hist. Sueo-Gothicam p. 36 (cum hac nota: „Habetur in bull. ms.
961 2442 2881 2510 Peringskioldensi ad a. 1161“); cf. Bunge Livländ. Urk.-Regest. p. 3 (ad a. 1171?).
914 2508 2881 2572 12122 (8151) Universos tam clericos quam laicos Lincopiensis episcopatus hortatur, ut
388 2457 574 2583 „ 17.
698 2502 779 2605 „
963 2563 2876 2619 C(oloni) episcopo, „sicut bonae memoriae Giloni praedecessori illius fecerint“, obe-
967 2619 2876 2676 diant. Sirmondi Opp. III. 871, Liliegren Dipl. Suec. I. 88, Ornhialm Hist. Sueon.
961 2665 2604 2731 p. 536, Mansi XXI. 941, Migne 200 p. 863. — „Decet universitatem“.
912 2720 2876 2786 12123 (8152) Henrico, archiepiscopo Remensi, mandat, compellat abbates et fratres
395 2705 576 2802 „ 29.
702 2731 782 2811 „
963 2780 2874 2839 S. Pauli Virdunensis ecclesiaeque Regiae-vallis ac Trium-fontium, ut Hodeardi de
965 2835 2876 2897 Maderiis et filiis eius debitam pecuniam persolvant. Martene Coll. II. 952, Migne
967 2890 1869 2956 200 p. 864. — „Ex transmissa nobis“.
916 2932 2876 3014 12124 (8153) Henrico, archiepiscopo Remensi, mandat, ut abbates fratresque S. Bene-
395 2937 574 3021 „ 29.
700 2945 782 3021 „
965 2996 2874 3060 dicti de Vepria et de Villario ac S. Leonis Tullensis debita Hodeardi de Maderiis
963 3049 2874 3120 et filiis eius solvere cogat. Martene Coll. II. 952, Migne 200 p. 864. — „Ex parte
965 3111 1237 3175 Hodeardis“.
919 3149 2874 3226 12125 (8154) Henrico, archiepiscopo Remensi, mandat, cogat abbates et fratres de
393 3109 572 3244 „ 29.
700 3149 793 3252 „
969 3215 2874 3277 Insula et de Prisneio, ut debitam Hodeardi de Maderiis et filiis eius pecuniam ex-
967 3277 2752 3336 solvant. Martene Coll. II. 953, Migne 200 p. 865. — „Ex parte Hodeardis“.
357 3239 576 3400 Oa 4.
916 3321 2874 3389 12126 (8155) Marsicano, Pennensi, Valvensi episcopis et clericis Teatinis ac Furconien-
687 3334 790 3409 „
967 3380 2872 3442 sibus mandat, ut excommunicationem, quam Leonas abbas Piscariensis in Berardum
967 3431 2872 3493 Gentilem eiusque fratres et in Rogerium filium Riccardi eiusque fratres edixerit,
967 3491 2870 3588 observent, utqne schismaticos monasterii Farfensis clericos, qui in terra Sansonescs
1151 183 2074 284 ALEXANDER III. 1159—1181.
