3007 3975
634 320 956 412 1171—1172.
713 388 2638 470 contra Leonatis interdictum sacra procuraverint, excommunicatos declarent. Muratori
718 461 2041 527 R. It. SS. II. II. 909, Migne 200 p. 865. — „Varias et“.
108 485 331 585 Oct. 4.
366 457 607 583 Tusentani
669 512 2635 578 12127 (8156) Leonati, abbati Piscariensi, significat, se Berardum Gentilem eiusque
713 571 2635 631 fratres et Rogerium filium Ricardi eiusque fratres cohortatum esse, ut damna ei illata
713 624 2633 684 intra dies 15 sarcirent; quod nisi fecerint, eos excommunicet. Muratori R. It. SS.
715 677 1836 748 II. II. 908, Migne 200 p. 866. — „Nuntium et“.
110 726 326 806 Dec. 15.
665 730 2633 797 12128 (8157) Nonantulanis significat, se I(Idebrando), basilicae XII. apostolorum pres-
444 730 545 806 „
718 788 2635 850 bytero cardinali, legato apostolico, dedisse negotium, in monasterium se conferret, ut
715 845 2635 909 eorum aes alienum levaret, disciplinamque emendaret. Tiraboschi St. di Non. II. 274,
715 892 1729 967 Migne 200 p. 867. — „Attendentes onera“.
662 954 2635 1022 12129 (8158) Ubaldo, episcopo Ostiensi, et archipresbytero et canonicis Velitrensibus
715 1004 2633 1071 concedit, ut testamenta, „quae parochiani eorum coram presbytero suo et tribus vel
713 1062 2631 1130 duobus aliis idoneis personis in extrema voluntate fecerint, firma permaneant“. (Ex
713 1113 2629 1183 registri libro XIII.) App. conc. Lat. L. 20, Comp. I. L. 3. t. 22. c. 9, Decr. Greg.
713 1174 2430 1238 L. III. t. 26. c. 10, Borgia Ist. di Velletri p. 240. — „Cum esses frater“.
629 1272 2556 1360 1172. (Ind. 5. — 25. Sept. — 6, pont. a. 13. — 20. Sept. — 14, 1171. — 25. Mart. — 1172.)
368 1364 605 1466 Tusculani
108 1386 326 1464 lan. 6.
656 1393 2631 1459 Dominicum abbatem Casinensem consecrat „in epiphania“. Annal. Casinenses 1172 in
711 1444 1170 1514 MG. SS. XIX. 312.
143 1490 318 1576 „ 13.
660 1501 2633 1565 12130 Parthenonis S. Mariae Warivillensis tutelam suscipit, possessionesque confirmat.
452 1514 532 1574 „)
711 1554 2487 1618 In bibl. nat. Paris. Coll. Grenier t. 257. f. 240. — „Prudentibus virginibus“.
660 1609 2633 1676 12131 (8159) Ecclesiam Caesaraugustanam tuendam suscipit eiusque possessiones ac
145 1612 322 1691 „ 22.
446 1612 541 1700 „
711 1662 2631 1742 privilegia confirmat, petente Petro episcopo. Arruego Cat. ep. p. 674, Migne 200 p. 867.
711 1718 1310 1782 — „In apostolicae sedis“.
145 1764 318 1852 „ 25.
660 1766 2631 1843 12132 (Henrico), episcopo Gurcensi, et Salzburgensi et Gurcensi praepositis ac cano-
439 1718 543 1872 „
711 1837 2629 1899 nicis Salzburgensibus ita scribit: „Sane super eo, quod de regimine et provisione
711 1885 2631 1952 ipsius ecclesiae nobis vestris litteris significastis, ante rei exitum, qui maxime debet
711 1945 2629 2007 attendi, non potuimus, sicut non debuimus, aliquatenus dispensare, nec vos decet a
711 2000 2629 2058 nobis dispensationem re imperfecta exigere“. Promittit, se pro ecclesiae eorum uti-
707 2051 2629 2117 litate, „salva honestate, dispensative acturum esse“. Meiller Reg. arch. Salisb. p. 483.
711 2104 2629 2173 n. 16 (epistolam hanc a. 1171 tribui vult; puto vero eam non multo ante ep. 12153
707 2157 1681 2232 scriptam esse). — „Gravamina, onera et“.
143 2212 322 2283 „ 25.
660 2212 2626 2283 12133 FComitibus Urgellensibus ceterisque provinciae Tarraconensis magnatibus praecipit,
446 2137 541 2294 „
711 2270 2626 2347 ut G(uillelmo) archiepiscopo, a sese consecrato, obediant. In bibl. nat. Paris. Coll.
711 2320 1235 2389 Baluze t. 238. f. 173.
660 2378 2629 2446 12134 Ecclesiae Tarraconensi factas a Raimundo, quondam comite Barcinonensi, dona-
141 2376 322 2446 „ 26.
441 2378 545 2495 „
715 2444 2626 2506 tiones, petente Willelmo archiepiscopo confirmat. Villanueva Viage literario XIX. 293.
711 2495 1100 2559 — „Ad hoc in“.
658 2546 2624 2612 12135 (8160) Idefonsum, regem Aragonensem, laudat, quod Robertum et Berengarium,
141 2519 322 2616 „ 26.
437 2535 541 2619 „
707 2603 2626 2667 eorumque matrem atque heredes ob interfectum Hugonem, archiepiscopum Tarra-
707 2658 2626 2725 conensem, edicto regio proscripserit. Sub interdicto et excommunicatione praecipit,
711 2716 2626 2778 ut illos in omne tempus e regno eiiciat, dimidiamque possessionum partem ecclesiae
711 2767 2624 2831 Tarraconensi tribuat. Marca Marca Hisp. p. 1357, Aguirre Conc. V. 89, Mansi
711 2824 2072 2895 XXI. 1070, Migne 200 p. 870. — „Suggesto nobis, quod“.
141 2868 322 2950 „ 28.
660 2868 2624 2950 12136 Archidiacono, primicerio, decano et capitulo Barcinonensi scribit, statuisse se con-
430 2877 528 3027 „
713 2934 2626 2996 silio Willelmi, archiepiscopi Tarraconensis, quondam eorum episcopi, ut cum in duobus
711 2985 2624 3049 tantum altaribus, sex aliis praetermissis, divina officia celebrarentur, unumquodque
711 3047 2624 3107 proprium semper habeat sacerdotem, ad divina obsequia deputatum. Martene Thes.
711 3100 1343 3164 IV. 600. — „Ea quae ad“.
141 3149 324 3219 „ 28.
660 3142 2624 3215 12137(8017) C(onradum), archiepiscopum Moguntinum, apostolicae sedis legatum, monet,
433 3146 539 3281 „
711 3206 2620 3268 ne inter monasterium S. Zenonis Veronense et cives Ferrarienses de castro Ostiliensi
709 3257 2622 3330 diiudicatam ab Oberto ab Orto controversiam redintegret. Opus enim sibi esse
711 3312 2629 3378 „inter civitates Lombardiae et eorum cives hoc tempore praecipue pacem et con-
707 3369 2620 3442 cordiam ponere et ad eorum unitatem intendere. Jaffé Bibl. III. 407, (Ughelli It.
707 3427 1864 3486 sacra V. 794, Migne 200 p. 770. — „Dilecti filii“.
148 3469 331 3577 „ 29.
651 3478 2620 3588 12188 Nomasterium S. Nicolai Furaense, „in locum campestrem (Buttenburs) trans-
446 3475 554 3581 „
2251 3537 2348 3643 39*
899 163 1827 258 ALEXANDER III. 1159—1181.
2509 167 2640 273 259
