3007 3975
326 176 457 271 260
874 326 2799 415 1172. (Ind. 5. — 25. Sept. — 6, pont. a. 13. — 20. Sept. — 14, 1171. — 25. Mart. — 1172.)
958 408 2872 472 latum“, tuendum suscipit, possessionesque et iura confirmat, petente Hugone abbate.
956 465 2759 534 Chronicon et cartul. S. Nicol. Furnens. p. 68. — „Commisse nobis dignitatis“.
349 479 570 589 Pebr. 15.
614 483 848 644 ruenteni.
908 512 2876 589 12139 (8161) Ecclesiam Tarantasiensem, petente Petro archiepiscopo, tuendam suscipit,
961 578 2874 644 et eius bona ac iura confirmat. Besson Mém. p. I'hist. eccl. de Génève p. 365,
958 631 2693 691 Gall. Chr. XII. Instr. p. 385, Migne 200 p. 870. — „In apostolicae sedis“.
910 691 2876 755 12140 Monasterii Vadi Ulmi tutelam suscipit ac disciplinam, possessiones, privilegia
391 680 567 755 „ 17.
700 702 786 814 „
963 737 2876 803 confirmat. Ex chartul. S. Evurtii p. 503 ms. lat. 10089 in bibl. nat. Paris. misit
958 788 2657 854 Delisle; Coll. Baluze t. 78. f. 728is in eadem bibl. — „Religiosam vitam“.
908 852 2878 916 12141 (8162) Henrico, archiepiscopo Remensi, mandat, iudicet inter abbatem S. Urbani
388 841 565 934 „ 21.
700 843 784 942 „
958 909 2874 965 et abbatem Dervensem. Martene Coll. II. 886, Migne 200 p. 779. — „Causam, quae inter“.
914 967 2874 1035 12142 Galando abbati S. Auberti Cameracensis privilegium dat. Neues Archiv VII. 101.
391 934 567 1033 „ 26.
709 929 782 1044 „
961 1009 1400 1073 — „Officii nostri“.
910 1071 2876 1141 12143 (8163) (Rotrodo), archiepiscopo Rotomagensi, et (Theobaldo), episcopo Ambia-
384 1055 565 1190 „ 38.
700 1062 788 1260 „
958 1121 2876 1188 nensi, mandat, ut Gilbertum, episcopum Londinensem „in confinium regis Francorum
961 1181 2876 1247 et regis Angliae, in marchiam videlicet, convocent ante se, et si cum sexta manu
961 1236 2876 1298 iuraverit, quod nec scripto nec verbo vel facto regem scienter provocaverit, propter
961 1291 2876 1355 quod Thomas, archiepiscopus Cantuariensis, occisus fuerit, ei officii plenitudinem resti-
961 1342 2876 1417 tuant“. Epist. S. Thomae ed. Giles II. 68, Migne 200 p. 872. — „Fraternitati
961 1393 1274 1466 vestrae non“.
912 1448 2878 1517 12144 Heriberto abbati S. Theoderici Remensis bullam tribuit. Neues Archiv VII. 101.
388 1455 570 1530 „ 29.
700 1470 775 1565 „
963 1506 1493 1578 — „Desiderium quod“.
355 1559 574 1640 Mart. 15.
910 1552 2878 1629 12145 (8164) Ecclesiae S. Salvatoris Fratensis protectionem suscipit, bonaque confirmat,
700 1550 779 1684 „
961 1614 2881 1693 petente Ippolito priore. Mittarelli Ann. Cam. IV. app. p. 35, Gloria Cod. dipl. Pad.
961 1676 2050 1735 II. 222. — „Quoties id a“ „Quotiens illud a“.
914 1726 2881 1795 12146 (8165) Parthenonem S. Cosmae Taliacotiensem tuendum suscipit, eiusque posses-
388 1720 572 1806 „ 17.
695 1735 782 1843 „
961 1786 2874 1855 siones ac iura confirmat, petente Advisa abbatissa. Gattulae Hist. Cas. p. 802. —
963 1835 1405 1905 „Quotiens illud a“.
914 1892 2881 1958 12147 (8166) Galdino, archiepiscopo Mediolanensi, apostolicae sedis legato, de eligendo
391 1885 574 1974 „ 25.
704 1885 779 2011 „
965 1958 2881 2016 primicerio scribit. Saxii Arch. Med. ser. p. 574, Migne 200 p. 874. — „Ex. lit-
961 2002 1221 2071 teris tuis“.
355 2047 572 2181 Apr. 5.
914 2053 2881 2120 12148 *Monasterio S. Edmundi privilegia concedit. Vide Chronica locelini de Brake-
707 2047 777 2177 „
961 2106 2333 2179 londa ed. Rokewode p. 107, Battely Antiqu. S. Edm. p. 79.
916 2161 2881 2232 12149 (8167) Canonicis ecclesiae S. Victoris Parisiensis gratulatur, quod eorum ecclesia
391 2170 572 2243 „ 11.
698 2170 782 2345 „
965 2219 2881 2285 a (Stephano) Bituricensi et (Willelmo) Senonensi archiepiscopis in pristinum statum
967 2274 2881 2345 restituta sit, et quod, cum Ero(isius) abbas praesentibus A(lberto) tit. S. Laurentii
967 2338 2881 2402 in Lucina et T(heodino) tit. S. Vitalis presbyteris cardinalibus, legatis suis, abdicasset,
965 2387 2883 2449 honestum successorem elegerint. Duchesne Hist. Fr. SS. IV. 605, Martene Coll.
972 2438 2883 2508 VI. 254, Bouquet Rec. XV. 913, Mansi XXI. 995, Migne 200 p. 876. — „Quanto
967 2502 1341 2557 ecclesia vestra“.
916 2541 2883 2614 12150 (8168) Guarinum, novum ecclesiae S. Victoris Parisiensis abbatem, fungi officio
393 2497 576 2665 „„
698 2539 784 2720 „
967 2605 2881 2676 iubet. Martene Coll. VI. 255, Duchesne Hist. Fr. SS. IV. 606, Bouquet Rec. XV. 913,
967 2658 2441 2731 Mansi XXI. 995, Migne 200 p. 877. — „Intellecto et cognito“.
919 2714 2883 2780 12151 Monasterii Marcianensis tutelam suscipit, eiusque bona ac iura confirmat, petente
395 2703 574 2806 „ 20.
700 2703 795 2844 „
969 2771 2878 2837 Iohanne abbate. In bibl. nat. Paris. Cartul. de Marchiennes, nouv. acquis. lat. 1204.
967 2820 2801 2888 s. XIX ex. f. 199, (Neues Archiv VII. 101). — „Religiosam vitam eligentibus“.
360 2864 578 2959 Mai. 9.
916 2877 2883 2945 12152 Ecclesiae Toletanae eiusque archiepiscopo Celebruno monasterium S. Servandi
695 2846 797 2952 „
967 2939 2876 3003 cum omnibus possessionibus sub censu annuo concedit. Neues Archiv VI. 299. —
969 2994 1453 3056 „Devotionis et fidei“.
360 3027 578 3142 Iun. 12.
916 3032 2881 3107 12153 (8496) Salaburgensi et Gurcensi praepositis respondet, se dolere molestias eorum
678 3032 799 3151 („)
969 3096 2881 3162 ecclesiae (i. e. Salzburgensis); ad quam H(ildebrandum) basilicae XII apostolorum
969 3155 2881 3224 presbyterum cardinalem, apostolicae sedis legatum, non accessisse, tum quod, cum
972 3213 2878 3272 Tarvisium venisset, a quibus deduceretur, non reperissct, tum quod „rectores Mar-
969 3268 2881 3327 chiae“, inquit „dubitantes et timentes, ne sine ipsis cum F(riderico) dicto imperatore
972 3314 2881 3389 pacem componeremus, eidem cardinali prohibuerunt, ne ultra progrederetur“. Re-
974 3376 2881 3445 prehendit, quod testibus nuntiis A(delberti), archiepiscopi Salzburgensis, nec litteras
976 3438 2878 3498 suas eidem archiepiscopo tradiderint, et „per Bavariam, Poloniam et Bohemiam,
974 3484 2878 3586 Cermaniam et Cngariam publice fecerint praedicari“, ipsum archiepiscopi deiectionem
1140 170 2063 262 ALEXANDER III. 1159—1181.
