3007 3975
645 313 2560 410 1172. (Ind. 5. — 25. Sept. — 6, pont. a. 13. — 20. Sept. — 14, 1171. — 25. Mart. — 1172.)
726 388 2644 463 intendere. Nuncios sibi retulisse, archiepiscopum „litteras, quas pater eius (rex
726 452 2644 523 Bohemiae) ab imperatore obtinuisset, recipere noluisse, sed omnino earum abhorruisse
729 516 2642 576 adimplere tenorem, volentem in fide catholica firmiter permanere“; eosdemque negasse,
731 567 2642 636 „archiepiscopum ornamenta ecclesiae cuidam sortilegae et incantatrici delegasse“.
729 622 2644 684 Haec addit: „nos ei (archiepiscopo) non possumus nec debemus nostrum denegare
729 682 2644 742 auditum, vel causam illius aliis iudicibus committere“. Pez Thes. anecd. VI. I. 389,
731 724 2644 799 Migne 200 p. 1120. De tempore cf. Fechner in Arch. f. K. österr. Gesch.-Qu. XXI. 308,
729 783 2476 850 Reuter III. 82, Meiller Reg. arch. Salisb. p. 123. — „Cum toties replicetis“.
676 839 2646 914 12154 Henrico, episcopo Gurcensi, fines episcopatus ac vicariatum ecclesiae Salzburgensis
121 832 340 914 lun. 16.
384 841 616 973 Tusculani
724 896 2644 956 confirmat. Reg. in Arch. f. Kunde österr. Gesch. XIV. 158. — „Fratres nostros“.
680 945 2644 1015 12155 (8169) Monasterium S. Mariae de Monte-laeto tuendum suscipit, eiusque posses-
161 947 338 1044 „ 24.
470 951 550 1079 „
731 1000 2649 1071 siones ac privilegia confirmat, petente Vibiano abbate. Vepes Coronica general
729 1062 2593 1121 III. app. p. 33, Aguirre Conc. V. 90, Migne 200 p. 878. — „Immaculata Dei“.
680 1119 2653 1188 12156 (8170) *Monasterii S. Mariae Hiraxensis privilegia confirmat. Oihenarti Not.
156 1115 340 1192 „ 24.
472 1117 556 1190 „
729 1174 1126 1236 utr. Vasc. p. 97.
678 1227 2653 1289 12157 (8171) Rainaldo, archiepiscopo Barensi et Canusino, bullam tribuit. (Frag-
156 1214 335 1300 „ 28.
468 1223 558 1307 „
729 1283 2430 1340 mentum). Baronii Annal. ed. Mansi XIX. 397. — „In apostolicae sedis“.
678 1336 2651 1402 12158 Monasterii S. Mariae Bandusiani possessiones confirmat, bulla ad Damianum
123 1329 338 1424 Iul. 18.
468 1340 554 1435 „
731 1391 2081 1464 abbatem. Pflugk-Harttung Iter p. 273. — „Officii nostri“.
680 1444 2653 1510 12159 (8172) Monasterii S. Mariae Tremitensis protectionem suscipit possessionesque
159 1437 338 1525 „ 25.
466 1435 556 1567 „
729 1501 2653 1567 ac privilegia confirmat, petente Anastasio abbate. Muratori Ant. It. V. 441, Migne
729 1552 1816 1616 200 p. 880. — „Apostolicae sedis auctoritate“.
682 1609 2653 1678 12160 Monasterii S. Richarii tutelam suscipit, possessionesque et privilegia confirmat,
156 1603 335 1680 „ 29.
461 1605 558 1702 „
731 1667 2651 1731 petente Richero abbate. In bibl. nat. Paris. Coll. Moreau t. 77. f. 187, Coll. Grenier
726 1718 1608 1788 t. 257. f. 236. — „Ideo sumus licet“.
676 1775 2653 1839 12161 (8173) Compositionem factam inter D(ominicum) abbatem Casinensem et (Iohan-
119 1771 338 1901 Sept. 13.
459 1777 556 1899 „
729 1835 2651 1894 nem) episcopum Fundanum confirmat. Gattulae Hist. Cas. p. 262, Migne 200 p. 882:
726 1892 2651 1949 „II. id. Sept.“; Tosti St. di Montec. II. 208: „XI. kal. Sept.“. — „Ea, quae iudicio“.
678 1947 2653 2007 12162 (8174) H(enrico), Anglorum regi, reportatam de gente Hibernica victoriam gra-
161 1938 338 2016 „ 20.
452 1934 561 2069 „
729 1991 2653 2060 tulatur. Monet, ut Hibernos ad veram fidem revocet. Haec addit: „Et quia Romana
726 2058 2653 2113 eoclesia aliud ius habet in insula, quam in terra magna et continua, nos eam spem
731 2115 2653 2170 tenentes, quod iura ipsius ecclesiae non solum conservare velis, sed etiam ampliare,
733 2168 2655 2223 et ubi nullum ius habet, id debeas sibi conferre, rogamus: ut in praescripta terra
729 2217 2653 2281 iura beati Petri nobis studeas sollicite conservare, et si etiam ibi non habet, tua
729 2276 2651 2343 magnitudo eidem ecclesiae eadem iura constituat et assignet“. Rymer Foedera I. 45,
731 2325 2540 2398 Liber munerum public. Hibern. IV. 54, Migne 200 p. 883. — „Celebri fama“.
680 2373 2655 2446 12163 (8175) Reges et principes Hiberniae hortatur, ut „fidelitatem, quam Henrico
163 2378 340 2460 „ 20.
461 2385 563 2513 „
731 2438 2651 2502 Anglorum regi sub iuramenti religione fecerint, cum debita subiectione firmam et
731 2497 2653 2557 inconcussam servare curent“. Rymer Foedera I. 45, Liber munerum public. Hibern.
733 2557 1961 2608 IV. 54, Migne 200 p. 884. — „Ubi communi fama“.
682 2599 2653 2678 12164 (8176) Christiano, episcopo Lesmorensi, apostolicae sedis legato, et Gel(alio)
163 2599 338 2740 „ 90.
466 2585 563 2758 „
731 2661 2651 2725 Armachensi, Donato Cassiliensi, Lawr(entio) Dublinensi et Catholico Tuamensi archi-
731 2718 2651 2778 episcopis et eorum suffraganeis mandat, ut Henrico Anglorum regi „ad manutenen-
733 2775 2653 2833 dam et conservandam terram Hibernicam et ad extirpandam inde tantae abhomina-
733 2824 2653 2892 tionis spurcitiam, quantum poterint, diligenter et viriliter assistant“. Rymer Foedera
731 2881 2655 2943 I. 45, Liber munerum public. Hibern. IV. 54, Migne 200 p. 885. — „Quantis vitio-
733 2930 1195 2998 rum enormitatibus“.
125 2974 344 3069 Oct. 10.
682 2983 2653 3056 12165 (8177) Ecclesiam Patavinam tuendam suscipit, canonicorumque bona confirmat,
463 2979 558 3080 „
735 3047 2653 3107 petente Wilfredo archipresbytero. Orsato Hist. di Pad. p. 333, Gloria Cod. dipl. Pad.
735 3093 1869 3162 II. 261, Migne 200 p. 886. — „Ideo nobis est“.
163 3142 344 3219 „ 18.
684 3153 2653 3215 12166 Monasterii S. Iustinae et S. Prosdocimi Patavini protectionem suscipit, posses-
468 3153 561 3277 „
733 3213 2651 3272 sionesque et privilegia confirmat. Dominico abbati eiusque successoribus, interventu
733 3263 2651 3327 G(erardi) episcopi Patavini, usum mitrae concedit. Gloria Cod. dipl. Pad. II. 263.
735 3316 1254 3385 — „Quotiens illud a“.
130 3365 346 3469 Rov. S.
687 3367 2655 3449 12167 (8178) Hugoni, Burgundiae duci, permittit, ut in fundo apud Divionem b. Petro
452 3369 565 3562 „
737 3433 2651 3489 oblato ecclesiam condat. Miraei Opp. dipl. I. 708, Bouquet Rec. XV. 927, Mém.
737 3478 2649 3588 de la comm. de la Cote dOr. VI. 167. Migne 300 p. S8S. — „Petitionibus nobilium“
905 159 1833 249 ALEXANDER III. 1159—1181.
2516 163 2642 265 261
