3007 3975
324 185 448 276 262
863 324 2786 419 1172. (Ind. 5. — 25. Sept. — 6, pont. a. 13. — 20. Sept. — 14, 1171. — 25. Mart. — 1172.)
340 384 565 481 Nov. 16.
596 390 837 490 Tusculani
897 410 2863 472 12168 (8179) Monasterii de Cona protectionem suscipit, possessionesque ac iura con-
950 470 2861 532 firmat. Marrier Mon. S. Martini de Campis p. 304, Migne 200 p. 889. — „Piae
950 525 1451 583 postulatio voluntatis“.
375 567 558 642 „ 26.
682 571 771 651 „
899 565 2861 638 12169 Monasterium Talmundense tuendum suscipit, bonaque eius et privilegia con-
945 633 2861 693 firmat. Cart. de Talmond p. 128, Mem. de la soc. des antiqu. de l'ouest, Année 1872.
947 684 1643 753 p. 192. — „Officii monet et“.
340 733 558 819 Dec. 18.
680 684 771 812 „
899 739 2863 803 12170 (8180) Parthenonem S. Mariae Siningthuaitensem tuendum suscipit et eius bona
952 801 2863 859 ac privilegia confirmat, petente Christiana priorissa. Monast. Anglic. I. 828, nov.
947 856 2317 912 ed. V. 465. 466, Migne 200 p. 890. — „Quotiens illud a“.
380 903 558 976 „ 20.
678 901 773 978 „
901 912 2865 969 12171 Ecclesiae Venafranae protectionem suscipit, possessionesque eius et privilegia
952 958 2863 1024 confirmat, petente Raynaldo episcopo. Sannicola Dell' ant. chiesa di Venafro p. 37,
945 1009 2529 1079 (D'Avino Cenni storici p. 276 et 277). — „Cum ex iniuncto nobis“.
382 1055 558 1205 „ s1.
673 1064 773 1205 „
899 1064 2865 1135 12172 Monasterii S. Stephani Gallanensis possessiones et iura confirmat, petente Beraldo
943 1121 2288 1194 abbate. Pflugk-Harttung Iter p. 274. — „Pie postulatio“.
899 1179 2865 1247 12173 (8181) *Conventui S. Augustini Cantuariensi „ecclesias de Menstre et Fauresham
952 1241 2863 1300 ad reparationem ecclesiae igne consumptae confirmat“; conceditque „ut liceat iis,
950 1294 2865 1362 in parochialibus ecclesiis clericos eligere ac dioecesano episcopo praesentare“. Chro-
947 1349 2485 1415 nica W. Thorn ap. Twysden R. A. SS. II. 1815, cf. ibid. p. 2255.
870 1395 1095 1514 c. 1172.
897 1495 2863 1574 12174 (Henrico) Anglorum regi, concessum ab Adriano IV. Hibernici regni dominium
947 1570 2863 1629 („salvo beato Petro et sacrosanctae Romanae ecclesiae, sicut in Anglia sic et in
947 1623 2863 1687 Hibernia, de singulis domibus annua unius denarii pensione“) ratum habet et con-
945 1669 2865 1740 firmat, „quatenus eliminatis terrae illius spurcitiis, barbara natio, quae Christiano
947 1731 2863 1793 censeatur nomine, morum induat venustatem et, redacta in formam hactenus informi
943 1786 2863 1850 finium illorum ecclesia, gens ea Christianae professionis nomen cum effectu de cetero
943 1841 2863 1905 consequatur“. Usserius Ep. Hib. syII. p. 80, Liber mun. publ. Hib. IV. 53, Giraldi
945 1899 2863 1956 Cambr. Expug. Hib. L. II. c. 5 in Opp. ed. Dimock V. 318. Idem Giraldus libro
950 1954 2865 2014 suo De instructione principum, ed. Lond. 1846. p. 53, hoc privilegium inseruit, ita
947 2009 2863 2071 praefatus: „Sicut a quibusdam impetratum asseritur aut confingitur, ab aliis autem
947 2058 2863 2133 unquam impetratum fuisse negatur“. Cf. supra epp. 12162 sq. — „Quoniam ea quae“.
866 2115 1199 2234 1170—1179.
899 2214 2865 2290 12175 (8183) Theobaldo et clericis ecclesiae S. Anast. (al. S. Luciae) Veronensis signi-
950 2279 2865 2347 ficat, sententiam ab I(Idebrando) basilicae 12 apostolorum et a R(aimundo) episcopo
950 2336 2865 2407 Brixiensi „secundum Veronensis civitatis consuetudinem“ contra eum prolatam, a sese
950 2393 2861 2455 irritam factam esse. Coll. Cass. LI. 16, Comp. I. L. 2. t. 19. c. 10, Decr. Greg.
952 2446 1913 2510 L. II. t. 27. c. 8. — „Cum causa, quae“.
866 2499 1190 2619 1171—1173.
346 2574 561 2680 Lan. 4.
605 2566 841 2740 Fertni
897 2603 2865 2672 12176 (8184) Henrico, archiepiscopo Remensi, mandat, ut R. de Adversa, nisi dimissam
950 2665 2863 2731 mulierem reducat, excommunicatione afficiat. Martene Coll. II. 875, Migne 200
952 2714 1802 2789 p. 891. — „Veniens ad apostolicae“.
373 2773 558 2850 „ 6.
689 2773 779 2853 „
901 2764 2863 2837 12177 (8185) Henrico, archiepiscopo Remensi, mandat, compellat C. militem de Tais-
950 2826 2863 2892 neria, B. militem de Romeriis, alios, ut ablata ecclesiae Maricolensi restituant. Mar-
950 2877 2618 2943 tene Coll. II. 876, Migne 200 p. 892. — „Ex transmissa conquestione“.
364 2937 556 3009 „ 6.
689 2941 817 3016 „
901 2932 2863 3003 12178 (8186) Henrico, archiepiscopo Remensi, mandat, cogat Lambertum de Nigella
952 2990 2863 3058 et Oilardum de Landrecies, ut ecclesiae Maricolensi ablatam decumam restituant.
952 3045 2465 3113 Martene Coll. II. 877, Migne 200 p. 893. — „Querelam abbatis“.
691 3115 766 3180 „
899 3100 2863 3168 12179 (8377) B(artholomaeo) Exoniensi et R(ogero) Wigorniensi episcopis et (Clarem-
952 3160 2858 3224 baldo) abbati Faureshamensi mandat, ut monasterium S. Augustini Cantuariense,
956 3213 2861 3286 „quod non solum in temporalibus, sed et in spiritualibus ad ultimum venisse de-
952 3270 2861 3334 fectum videatur“, reformare studeant, utque, si cognoverint, quod absque amotione
952 3325 2861 3385 electi (Clarembaldi) et quorundam monachorum reformari non possit, eos amoveant
950 3374 2861 3440 aliasque idoneas personas substituant. Liverani Spicil. Liber. p. 546, (Chronica
956 3427 2503 3498 W. Thorn ap. Twysden H. A. SS. II. 1817). — „Cum ex suscepti“.
704 3431 764 3592 „
899 3478 2856 3592 12179a Martino, abbati Prataliensi, conccssam a Gerardo, episcopo Patavino, licentiam,
1131 170 2054 260 ALEXANDER III. 1159—1181.
