3007 3975
642 320 963 424 1171— 1178.
729 395 2644 470 ut in ecclesia de Villa-nemoris baptismus fiat, confirmat. Gloria Cod. dipl. Padov.
724 463 1595 523 II. 264. — „Intelleximus ex litteris“.
676 510 2644 580 12180 (8187. 8987) B(artholomaeo), episcopo Exoniensi, respondet, quibus poenitentiis
726 563 2642 636 afficiendi sint „illi, qui animo occidendi Thomam, quondam archiepiscopum Cantua-
726 627 2644 695 riensem, aut feriendi, aut capiendi, citra vel circa manuum iniectionem se fateantur
729 684 2644 746 venisse, illi, qui se asserant animum regis inflammasse ad odium, unde forte fuerit
724 739 2644 799 homicidium subsecutum, ii, qui se dicant illius sancti viri et suorum post mortem
724 792 2644 865 eius occupasse spolia, illi, qui sola excommunicatorum participatione se reos esse
726 848 2644 912 cognoscant, clerici, quos constet armatos interfuisse tanto facinori, illi clerici, qui
726 905 2646 967 consilium illud dederint, ut vir sanctus caperetur“. Scribit, si scolares vel clerici infra
724 962 2644 1024 puberes annos sese invicem aut unus alium percusserit, eos non esse ad apostolicam
724 1015 2644 1082 sedem mittendos“. Addit de monachis, canonicis regularibus, ostiariis, officialibus.
722 1057 2642 1135 Gilberti Foliot epist. ed. Giles II. 80, App. conc. Lat. XIV. 1. 7. 8. 9. 10, XXXV. 1,
726 1126 2644 1185 Coll. Lips. VII. 1. 9. 10. 11, X. 1, Coll. Cass. XIX. 1. 9. 10. 11, LXIV. 5, Coll.
729 1179 2644 1241 Bamb. VII. 1. 7. 8. 9, X. 1, Comp. I. I. 5. t. 10. c. 7, I. 5. t. 34. c. 2. 3. 4. 5,
726 1223 2644 1298 Decr. Greg. L. V. t. 12. c. 6, L. V. t. 39. c. 1. 2. 3. 4, Migne 200 p. 894. — „Sicut
726 1294 2646 1360 dignum est“ „Super eo vero quod“ „Monachi vero et“ „Si vero aliquis“ „Si vero
724 1336 1305 1411 alicuius“ „Officialis pro“.
645 1400 976 1479 1172—1173.
121 1461 346 1559 lan. 18.
375 1415 618 1572 Tureolani
676 1450 2642 1545 12181 (8188) Episcopo Urgellensi mandat, cogat Raymundum de Mirarall presbyterum.
729 1528 2642 1594 qui fratrum Populetensium „grangiam fregerit et inde primicias violenter extraxerit“.
729 1581 2646 1660 ut damna monachis illata sarciat, abreptaque restituat. Finestres Hist. de Poblet
724 1638 1471 1709 II. 427. — „Dilecti filii nostri“.
161 1687 333 1839 „29.
448 1718 552 1810 „
678 1684 2646 1762 12182 (8189) W(illelmo), archiepiscopo Tarraconensi, et eius suffraganeis mandat, ut
729 1757 2646 1826 Hugonem abbatem et fratres monasterii Populetensis tueantur. Finestres Hist. de
729 1810 1683 1874 Poblet II. 426. — „Ad bonae opinionis“.
678 1861 2646 1925 12183 (8190) (Willelmo) episcopo Carnotensi respondet de presbytero, qui „cum alterius
724 1923 2642 1985 coniuge infra ecclesiam frequenter dormierit“. (Ex registri libro XIV.) App. conc.
729 1983 2644 2042 Lat. L. 21, Coll. Cass. XXI. 7, Comp. I. I. 5. t. 13. c. 6, Decr. Greg. L. V. t. 17.
724 2022 1623 2097 c. 5. — „Significasti nobis, quemdam“.
678 2067 2646 2157 12184 (8191) Episcopi Vidrosiensis Gleg. Nidrosiensis), apostolicae sedis legati, quae-
724 2135 2642 2208 stionibus respondet. (Ex registri libro XIV.) App. conc. Lat. L. 22, Coll. Cass.
724 2188 2642 2263 LVIII. 36, Comp. I. I. 5. t. 36. c. 9, I. 4. t. 20. c. 2, Decr. Greg. L. IV. t. 19. c. 2,
724 2248 1718 2318 L. V. t. 40. c. 14. — „Quaesivit a nobis“.
642 2309 2571 2396 1173. (Ind. 6. — 25. Sept. — 7, pont. a. 14. — 20. Sept. — 15, 1172. — 25. Mart. — 1173.)
121 2336 338 2455 Lan. 21.
388 2338 600 2457 Sieniam
119 2438 335 2510 Febr. 2.
669 2387 2386 2453 pervenit „6. kal. Febr.“. Annal. Ceccanenses 1173 in MG. SS. XIX. 286.
399 2444 592 2521 Signiae
671 2438 2646 2515 „in die purificationis b. Mariae“ Thomam quondam archiepiscopum Cantuariensem
724 2504 2646 2570 inter sanctos dicat, et eius memoriam coli die 29. m. Decembris iubet. Bosonis
722 2546 1745 2619 card. Vita Alexandri ap. Watterich II. 420.
156 2610 338 2685 „ 2.
459 2603 550 2705 „
673 2605 2644 2674 12185 (8192) Henrico, archiepiscopo Remensi, mandat, ut E. decanum S. Quintini „in
724 2665 2644 2725 benedictione nuptiarum et in sepulturis mortuorum seu in quibuslibet etiam aliis
722 2718 2644 2789 sacramentis ecclesiasticis nihil exigere compellat“. Martene Coll. II. 953, Migne 200
726 2775 1639 2839 p. 896. — „Meminimus, nos scripsisse“.
156 2826 340 2903 „ 2.
457 2782 556 3003 „
673 2817 2642 2899 12186 (8193) Henrico, archiepiscopo Remensi, mandat, ut G. decanum de Unacort, qui
729 2884 2642 2950 „in desponsationibus mulierum in ecclesia de loi non permittat celebrari divina,
722 2941 2642 2996 nisi sibi pro pretio vini duo aut tres solidi assignentur, ab officio suspensum apo-
722 2994 2638 3056 stolico faciat conspectui praesertari“. Martene Coll. II. 954, Migne 200 p. 897. —
726 3051 1319 3111 „Simoniacam pravitatem“.
159 3047 342 3171 „ 3.
461 3054 554 3171 „
676 3091 2640 3164 12187 M(auritio) episcopo Parisiensi et abbati S. Germani de Pratis mandat, iudicent
724 3153 2638 3221 inter fratres Corbeienses et Branenses, super decimis de Barli litigantes. In bibl. nat.
722 3208 2640 3279 Paris. Cartul. de Corbie ms. lat. 17761. s. XV. f. 113. — „Ex transmissa conquestione“.
156 3241 340 3336 „ 8.
455 3266 534 3343 „
678 3270 2640 3330 12188 *Fratribus de Eleemosyna extra muros Duacenses permittit, ut presbyterum in-
722 3323 2638 3385 stituant, qui divina celebret et sacramenta eis impendat. Alienos vero ad divina officia
724 3378 2640 3438 admitti vel ad sepulturam recipi vetat. Pilate-Prévost Table chron. d. arch. de Douay p. 9.
154 3418 344 3606 „*
448 3396 561 3590 (
673 3429 2638 3511 „ecclesiam S. Paterniani cum omnibus pertinentiis Templariis dat“. Annal. Ceecanenses
731 3478 1391 3581 1173 in MG. SS. XIX. 286.
908 163 1836 267 ALEXANDER III. 1159—1181.
2514 170 2644 262 263
