3007 3975
333 194 461 276 264
885 337 2803 435 1173. (Ind. 6. — 25. Sept. — 7, pont. a. 14. — 20. Sept. — 15, 1172. — 25. Mart. — 1173.)
357 388 578 514 Febr. 16.
640 399 835 530 Sigriae
916 424 2878 492 12189 Abbati et fratribus S. Bertini Sithiensis concedit, ne quis „in ecclesias ad eorum
967 477 2878 547 iurisdictionem spectantes absque iusta causa interdicti sententiam promulget“. Ex
967 536 2878 602 bibl. nat. Paris. Coll. Moreau t. 84. f. 120. Misit Delisle. (Iohannis Longi chron.
965 589 2317 649 S. Bert. in MG. SS. XXV. 815.) — „Quanto de religionis“.
393 640 576 722 „ 18.
698 642 799 724 „
919 647 2881 708 12190 (8194) Henrico, archiepiscopo Remensi, mandat, compellat G. presbyterum et P.
967 704 2881 764 et R. milites ac R. de Cismai, ut fratribus ecclesiae S. Salvatoris Virtuensis ablata
969 757 2828 817 restituant. Martene Coll. II. 955, Migne 200 p. 897. — „Ex parte dilectorum“.
395 799 574 885 „ 25.
695 803 795 892 „
916 812 2883 878 12191 (8195) Monasterii S. Salvatoris et S. Rotrudis Andrensis protectionem suscipit,
967 865 2881 929 bonaque ac privilegia confirmat, petente Petro abbate. MG. SS. XXIV. 710, (D'Achery
965 920 2286 989 Spic. II. 812, Migne 200 p. 898). — „Quotiens illud a“.
393 973 570 1051 „ 19.
702 976 799 1048 „
916 973 2883 1035 12192 (Pontio) episcopo Claromontensi et O. archidiacono Bituricensi mandat, hor-
969 1035 2885 1090 tentur sub interdicti poena Agnetem, uxorem b. m. Archembaldi de Borbono, ut
967 1084 2887 1148 ecclesiae Silviniacensi debitas trecentas marcas solvat. (Verba „pont. a. IV.“ certe
969 1137 2885 1203 aliena manu addita sunt.) Mon. pont. Arvern. p. 291, Mém. de Tacad. de Clermont-
967 1194 2112 1254 Ferrand XIX. 283. — „Ex transmissa relatione“.
402 1232 574 1325 „ 27.
709 1245 793 1327 „
919 1252 2887 1313 12193 Ingelr(amo) episcopo et canonicis Glasguensibus decimas et ecclesias quasdam
967 1309 2560 1373 asserit. Registrum ep. Glasg. I. 22. — „Iustis petentium desideriis“.
360 1349 578 1437 Mart. 4.
707 1369 790 1481 „
921 1351 2889 1424 12194 (8196) Henrico, archiepiscopo Remensi, mandat, ut ablatam Hugoni presbytero
969 1413 2887 1477 ecclesiam restitui ab abbate Aquicinctensi iubeat; utque de Iesse presbytero, qui
974 1472 2889 1532 post appellationem ad sese factam ecclesiam receperit, poenas capiat. Martene Coll.
969 1521 2372 1594 II. 955, Migne 200 p. 899. — „Conquerente nobis Hugone“.
393 1552 576 1684 „ 8.
704 1592 790 1693 „
923 1576 2887 1640 12195 (8197) Henrico, archiepiscopo Remensi, mandat, iudicet inter canonicos S. Mar-
976 1634 2887 1702 tini et clericos S. Mariae Laudunenses. Martene Coll. II. 956, Migne 200 p. 899.
976 1684 1564 1757 — „Causam, quae inter“.
393 1715 578 1835 „ 8.
711 1709 790 1846 „
923 1726 2889 1813 12196 *Bullae Bartholomaeo, abbati S. Martini Laudunensi, hoc die datae meminit
972 1804 2443 1859 Steph. Baluzius in Collectione sua 5I f. 131 in bibl. nat. Paris.
397 1832 578 1952 „ 10.
702 1832 793 2002 „
925 1846 2892 1914 12197 (8198) Canonicis ecclesiae Ripariensis addicit ecclesias duas, a Stephano quon-
972 1908 2892 1987 dam episcopo Claromontensi donatas. Ulciensis eccl. chartar. p. 20. — „Iustis pe-
967 1958 1197 2031 tentium“.
402 2009 581 2104 „ 10.
704 2036 795 2102 „
923 2007 2892 2080 12198 Monasterii Troarnensis possessiones quasdam confirmat, petente Giliberto abbate.
974 2078 2892 2148 In bibl. nat. nat. Paris. Chartul. Troarnens. ms. lat. 10086. s. XIV. f. 10. — „Iustis
972 2126 1469 2199 petentium desideriis“.
402 2148 581 2290 „ 10.
707 2210 802 2298 „
925 2170 2894 2243 12199 (8199) Alberto tit. S. Laurentii in Lucina, et Theodwino S. Vitalis presbyteris
974 2243 2892 2305 cardinalibus, apostolicae sedis legatis, de Thoma, quondam archiepiscopo Cantuariensi,
976 2294 2889 2356 capite ieiunii sanctorum ordinibus ascripto significat. Mandat, ut litteras de ea re
978 2351 2889 2409 suas regibus et monachis Cantuariensibus et ecclesiae Anglicanae „assignent“. Gil-
976 2400 2889 2462 berti Foliot epist. ed. Giles II. 58, Migne 200 p. 900. — „Quamvis nonnulla de“.
373 2431 486 2601 („)
700 2457 813 2599 („)
925 2460 2892 2521 12200 (8200) Alberto et Theodewino presbyteris cardinalibus mandat, „quatinus eccle-
974 2515 2892 2574 siam Cantuariensem faciant reconciliari, ita tamen ut sacramentum pristinae dedi-
976 2572 2892 2630 cationis non debeat iterari, sed, sicut soleat fieri in ecclesia b. Petri, tantum aqua
976 2625 2889 2691 benedicta aspergatur“. Epist. S. Thomae ed. Lupus p. 882, Gilberti Foliot epist.
976 2672 2344 2749 ed. Giles II. 58, Migne 200 p. 900, — „Mandamus vobis“.
404 2722 587 2813 „ 12.
707 2727 810 2848 „
925 2733 2892 2795 12201 (8201) Priori et monachis ecclesiae Cantuariensis gratulatur de Thoma, quondam
976 2791 2889 2850 archiepiscopo, capite ieiunii in sanctorum numerum relato. Mandat, ut corpus eius,
980 2835 2892 2908 „facta solemni processione, aliquo praecipuo die, in altari honorifice recondant“. Epist.
978 2895 2889 2968 S. Thomae ed. Giles II. 39, ed. Lupus p. 879, Mansi XXI. 905, Migne 200 p. 900.
980 2959 1747 3016 — „Gaudendum est universitati“.
408 2998 585 3089 „ 12.
715 3005 804 3091 „
927 2994 2894 3069 12202 R(oberto) praeposito et canonicis Insulanis petentibus, ecclesiae eorum sepul-
978 3065 2894 3131 turam liberam esse decernit. Pflugk-Harttung Acta I. 252. — „Apostolicae sedis
978 3122 1270 3184 auctoritate“.
404 3160 585 3246 „ 12.
680 3171 799 3246 „ „
930 3155 2892 3244 12203 (8202) Clero et populo totius Angliae Thomam, quondam archiepiscopum Can-
978 3228 2892 3288 tuariensem, capite ieiunii in sanctorum numerum ascriptum nunciat, cuius „natalem
978 3281 2892 3343 diem passionis solemniter annis singulis celebrari“ iubet. (Inscriptio certe eadem erat
978 3336 2892 3400 ac in sequenti epistola.) Epist. S. Thomae ed. Giles II. 75, ed. Lupus p. 880, Migne
983 3394 2209 3451 200 p. 901, (Mansi XXI. 906). — „Redolet Anglia“.
406 3436 589 3531 „ 13.
715 3440 786 3604 „
932 3436 2892 3504 12204 (8203) Eiusdem epistolae exemplar (archiepiscopis et episcopis et aliis eccle-
983 3493 2892 3604 siarum praelatis et universo clero ac populo per Angliam constitutis inseriptum et.
1142 185 2068 280 ALEXANDER III. 1159—1181.
