3007 3975
636 318 2549 408 1173. (Ind. 6. — 25. Sept. — 7, pont. a. 14. — 20. Sept. — 15, 1172. — 25. Mart. — 1773.)
722 406 2635 465 die „III. id. Mart.“ datum memorat Rad. de Diceto Im. Hist. ap. Twysden HI. A.
715 450 2359 521 SS. I. 569, ed. Stubbs I. 369, Wilkins Conc. I. 475. — „Redolet Anglia“.
393 465 587 591 Sirniae
669 514 2635 578 12205 (8204) Ecclesiae S. Stephani Divionensis protectionem suscipit, disciplinamque
112 459 329 589 Mart. 14.
720 571 2635 640 et possessiones ac iura confirmat, petente Her(berto) abbate. Hist. de S. Estienne
722 627 2315 684 de Diion Pr. p. 112, Migne 200 p. 902. — „Apostolici moderaminis“.
669 671 2638 739 12206 Abbati et fratribus S. Ebrulfi scribit de decimis et oblationibus ecclesiae S. Petri
148 677 329 746 „ 17.
455 693 592 757 „ „
720 735 2635 806 de Nidis. Ex chartul. S. Ebrulfi I. 158 in bibl. nat. Paris. Misit Delisle. — „Sug-
720 792 1016 854 gestum est“.
669 834 2638 903 12207 Inter fratres Troarnenses et capitulum Baiocense compositionem super iuribus
150 836 329 923 „ 18.
450 856 550 1002 „
720 901 2635 962 quibusdam factam approbat. In bibl. nat. Paris. Chartul. Troarnense ms. lat. 10086.
722 949 1705 1022 s. XIV. f. 14. — „Ea quae compositione“.
673 1009 2640 1077 12208 Transactionem inter monasterium Troarnense et (lohannem) comitem de Pon-
152 984 329 1099 „ 18.
450 987 554 1088 „
722 1060 2638 1128 tiaco super iure patronatus factam et ab (Henrico) Anglorum rege ac (Rotrodo)
720 1119 2640 1179 archiepiscopo Rotomagensi firmatam laudat. In bibl. nat. Paris. Chartul. Troarnense
724 1170 2255 1241 ms. lat. 10086. s. XIV. f. 111 (et f. 16). — „Suggestum est nobis“.
671 1227 2638 1291 12209 (8205) Henrico, archiepiscopo Remensi, mandat, ne fratres S. Medardi a fene-
148 1172 333 1300 „ 20.
455 1232 552 1307 „
722 1283 2638 1353 ratoribus quibusdam vexari de usuris patiatur. Martene Coll. II. 956, Migne 200
722 1336 1539 1406 p. 904. — „Conquerentibus nobis“.
150 1386 338 1475 „ 21.
673 1397 2642 1455 12210 (8206) Henrico, archiepiscopo Remensi, mandat, ut presbyterorum decanatus
459 1402 552 1479 „
729 1446 2640 1510 Virtuensis et capituli S. Stephani Catalaunensis de cerae censu controversiam di-
722 1495 2529 1561 sceptet. Martene Coll. II. 957, Migne 200 p. 904. — „Significaverunt nobis“.
154 1556 333 1638 „ 23.
673 1552 2642 1620 12211 Fratribus Ursicampi vineas de Bayri asserit. (Huius bullae, perperam Alex. IV.
463 1559 550 1645 „
722 1614 2640 1678 tributae, quae sint prima verba, nobiscum communicavit Delisle.) Peigné-Delacourt
722 1669 2014 1735 Cart. d'0urscamp p. 302. n. 484. — „Iustis petentium“.
156 1709 338 1795 „ 23.
676 1724 2644 1786 12212 Ecclesiae Lucensis possessiones et iura confirmat, petente Hugone archipresbytero.
461 1729 547 1793 „
724 1773 1800 1846 Pflugk-Harttung Iter p. 274. — „Iustis votis“.
154 1828 338 1910 „ 25.
676 1821 2642 1903 12213 Ecclesiae Glasguensis tutelam suscipit, possessionesque et libertates confirmat,
452 1841 558 1910 „
729 1894 2642 1952 petente Salomone decano. Registrum ep. Glasg. I. 25. — „Quotiens illud a nobis“.
678 1938 2642 2005 12214 (8207) Henrico, archiepiscopo Remensi, mandat, ne P. presbytero communionem
156 1912 340 2009 „ 25.
459 1956 550 2014 „
729 1991 2644 2060 reddat, donec A. presbytero S. Mauricii domum quamdam restituerit. Martene Coll.
729 2047 1977 2108 II. 959, Migne 200 p. 905. — „Si bene meminimus“.
156 2093 338 2173 „ 28.
384 2058 618 2195 Anaepiae.
676 2104 2644 2168 12215 (8208) Monasterii S. Sabini Placentini possessiones et privilegia confirmat, pe-
729 2164 2644 2228 tente Savino abbate. Campi Hist. di Piac. II. 361, Ughelli It. sacr. II. 218, Migne
731 2214 1460 2283 200 p. 905. — „Officii nostri“.
156 2217 340 2345 „ 28.
678 2259 2644 2336 12216 (8209) Ecclesiam S. Eustorgii Mediolanensem tuendam suscipit, eiusque bona et
457 2274 563 2347 „
729 2329 2644 2393 privilegia confirmat, petente Philippo praeposito. Giulini Mem. di Mil. VI. 544,
729 2376 1701 2449 Migne 200 p. 907. — „Quotiens illud a“.
159 2424 340 2510 „ 31.
678 2433 2646 2502 12217 (8210) Ecclesiam Lausannensem tuendam suscipit canonicorumque possessiones
468 2460 554 2526 „„
729 2491 2644 2563 confirmat. Mém. et doc. de la société de la Suisse Rom. VII. 20, Migne 200 p. 908.
733 2552 1254 2614 — „Quotiens illud a“.
132 2548 346 2680 Apr. 2.
680 2597 2644 2663 12218 (8211) Willelmo, archiepiscopo Senonensi, et eius suffraganeis significat, Thomam,
457 2588 565 2678 („)
731 2658 2644 2725 quondam archiepiscopum Cantuariensem, „in capite ieiunii“ in numerum sanctorum
731 2711 2646 2771 relatum esse. Diem, quo interfectus sit, singulis annis celebrari iubet. (Pro „Tuscu-
735 2762 2565 2835 lani“ est „Anagniae“ legendum.) Sirmondi Opp. III. 886. — „Redolet Anglia“.
143 2782 249 2932 („)
684 2820 2651 2888 12219 (8212) (Waltero), episcopo Aversano, mandat, ut Thomae, archiepiscopi Can-
459 2778 570 2892 („)
733 2877 2651 2937 tuariensis, „solemnitatem annuatim cum magna veneratione celebret et a parochianis
735 2926 2649 2990 suis praecipiat generaliter celebrari, et fratres suos comprovinciales ad celebrandam
735 2985 2651 3049 illius martyris festivitatem invitet attentius“. Epist. S. Thomae ed. Giles II. 88,
735 3043 2317 3100 ed. Lupus p. 881, Migne 200 p. 910. — „Quia (al. Qui) vice beati“.
167 3087 351 3168 „ 7.
687 3089 2651 3160 12220 Ecclesiae Ulciensis protectionem suscipit, possessionesque ac iura confirmat,
463 3093 574 3171 „
740 3149 2651 3213 petente Nicolao praeposito. Pennotti Ord. cler. can. hist. ed. Rom. p. 493, ed. Colon.
740 3204 2653 3272 p. 506, (Ulciensis eccl. chartar. p. 10 cum additam. in Miscel. di stor. ital. XX. 571).
744 3261 1173 3325 — „Officii nostri“.
170 3263 353 3374 „ 8.
689 3301 2651 3376 12221 (8213) Monasterii Bellilocensis protectionem suscipit, possessionesque confirmat,
466 3319 570 3376 „
742 3367 2653 3436 petente Giraldo abbate. Gall. Chr. ed. 1. T. IV. 152, Migne 200 p. 911. — „Reli-
744 3425 1354 3484 giosam vitam eligentibus“.
178 3464 375 3542 „ 12.
684 3464 2653 3575 12323 Universis praclatis provinciae Saleburgeneis praecipit, ut (Adelberto) archiepiscopo
481 3458 550 3537 „
174 3515 748 3623 Regata Sont Ronan. Bd ees. I.
2311 3535 2383 3619 34
899 163 1824 260 ALEXANDER III. 1159—1181.
2507 170 2633 271 265
