3007 3975
340 192 466 287 266
883 335 2799 430 1173. (Ind. 6. — 25. Sept. — 7, pont. a. 14. — 20. Sept. — 15, 1172. — 25. Mart. — 1173.)
965 417 2878 490 Salaburgensi obediant et „ad vocationem eius, nisi rationabilis causa eos detineat,
967 479 2878 541 incunctanter accedant“, nuntiosque F(riderici) imperatoris, ab eo excommunicatos,
963 527 2733 600 evitent. Meiller Reg. arch. Salisb. p. 484. n. 20. — „In viris ecclesiasticis“.
357 492 578 662 „„ „)
620 536 857 691 Anagrniar.
916 587 2881 653 12223 Monasterium S. Laurentii Aversanum tuendum suscipit eiusque possessiones ac
969 647 2878 706 iura confirmat, petente Abdone abbate. Pflugk-Harttung Iter p. 274. — „Effectum
967 693 1129 757 iusta“.
393 742 574 832 „ 22.
700 742 775 845 „
919 739 2881 812 12224 Monasterii S. Petri-Coeli-aurei Papiensis protectionem suscipit, bonaque et iura
963 808 2881 878 confirmat. Wiener Sitzungsber. XCIV. 671, (Pennotti Ord. cler. can. hist. ed. Rom.
963 856 2079 925 p. 204, ed. Col. p. 206). — „Apostolicae sedis“.
388 905 570 989 „ 26.
704 916 777 1007 „
919 909 2883 976 12225 Ecclesiae Dolensis bona confirmat. (Clausula corrupta.) Fragm. in chartul.
963 976 2421 1029 episc. Dol. p. 18, cod. 5211c in bibl. nat. Paris. Misit Delisle.
355 995 572 1093 Mai. 29.
702 1013 779 1108 „
916 1020 2883 1090 12226 Ecclesiae Brundisinae possessiones et privilegia confirmat, bulla ad Willelmum
963 1073 2883 1152 archiepiscopum. (Cf. infra 12231.) Pflugk-Harttung Iter p. 274. — „Cum ex in-
961 1137 1155 1201 iuncto“.
353 1185 574 1256 Iun. 16.
695 1181 782 1373 „
914 1181 2883 1254 12227 (8393) W(illelmo) archiepiscopo Tarraconensi, ap. sed. legato, asserit „honorem
967 1247 2881 1311 illum, quem Raimundus, quondam comes Barcinonensis, in Herda et Dertusa ei,
967 1307 2881 1360 quando captae fuerunt, concessit“. Villanueva Viage lit. XIX. 294, Marca Marca
963 1344 2874 1419 Hispanica p. 1357, Aguirre Conc. V. 89, Mansi XXI. 1071, Migne 200 p. 1048. —
965 1413 1442 1475 — „Inducit nos et“.
395 1455 572 1552 „ 20.
702 1475 773 1556 „
919 1455 2883 1532 12228 (8214) Monasterium S. Petri Mutinense tuendum suscipit, eiusque bona ac iura
963 1521 2881 1585 confirmat, petente Geminiano abbate. (Arte phototypica expressa apud) Sickel Mon.
965 1565 2881 1643 graph. III. 9, (Muratori Ant. It. V. 349, Gloria Cod. dipl. Padov. II. 254, Migne 200
963 1634 1710 1698 p. 912). — „Religiosam vitam“.
355 1669 574 1764 Iul. 4.
693 1698 773 1760 „
919 1682 2883 1751 12229 (8215) Ecclesiae S. Donatiani Brugensis protectionem suscipit, bonaque ac iura
965 1744 2881 1802 confirmat, Roberto praeposito, Aketto decano et canonicis petentibus. Miraei Opp.
961 1788 2797 1855 dipl. III. 53, (et IV. 25), Migne 200 p. 913. — „Effectum iusta postulantibus“.
391 1828 574 1930 „ 13.
691 1808 788 1930 „
916 1850 2883 1910 12230 Ecclesiae S. Andreae Burdegalensis protectionem suscipit, possessionesque con-
961 1905 2881 1967 firmat, petente Geraldo decano. Archives histor. de la Gironde XIII. 359. — „Quoties-
963 1958 1352 2025 cunque illud a“.
391 2002 574 2095 „ 29.
700 2007 775 2111 „
916 2011 2881 2073 12231 *Willelmo, archiepiscopo Brundisino, pallii usum concedit; ecclesiae eius pos-
963 2064 2878 2128 sessiones et iura confirmat. D'Avino Cenni storici p. 104. (An eadem ac 12226?)
357 2111 574 2195 Aug. 3.
698 2113 779 2256 „
916 2120 2876 2184 12232 (8216) W(illelmo), archiepiscopo Senonensi, sedis apostolicae legato, Turonensi
963 2173 2881 2239 et (Bertrando) Burdigalensi archiepiscopis, (Willelmo) Cenomanensi, (Iohanni) Picta-
967 2232 2878 2294 viensi, (Godefrido) Andegavensi, (Eliae) Agennensi, (Matthaeo) Trecensi, (Gualtero)
965 2285 2881 2347 Lingonensi episcopis ac Arten. (Guarino?) electo et canonicis ecclesiae Bituricensis
963 2343 2878 2404 mandat, sub poena excommunicationis parochianos suos ad exsolvenda iura et deci-
963 2391 2876 2457 mas ecclesiae b. Martini adigant. Rec. sur S. Martin de Tours p. 23, Migne 200
961 2453 1917 2510 p. 914. — „In conservandis ecclesiarum“.
380 2493 572 2592 „ 7.
702 2438 777 2599 „
914 2491 2878 2568 12333 (8217) Ecclesiae S. Martini Turonensis protectionem suscipit, possessionesque
963 2563 2878 2623 confirmat. (Fragmentum.) Rec. sur St. Martin de Tours p. 18, Launoii Opp. III.
963 2610 2229 2683 II. 67, Migne 200 p. 915. — „Cum omnibus ecclesiis“.
382 2647 572 2747 „ 9.
691 2665 779 2782 „
916 2658 2881 2731 12234 *In ecclesia Brugensi praepositum sine consensu Philippi comitis Flandrensis
963 2727 2878 2786 eligi vetat, quia secundum antiquam consuetudinem praepositus Brugensis cancellarius
961 2782 2156 2837 Flandriae fiat. Inventaire des arch. de Lille p. 47.
388 2820 572 2912 „ 16.
698 2837 779 2952 „
914 2831 2876 2895 12235 Petro abbati et fratribus Massiliensibus asserit ecclesias et universa iura paro-
961 2888 2867 2950 chialia vallis Tritensis, a XL. retro annis possessa. Coll. des Cartulaires IX. 231. —
963 2948 1396 3007 „Quia disponente“.
388 2987 570 3091 „ 28.
702 2992 784 3067 „
912 2985 2876 3060 12236 (8281) Henricum, archiepiscopum Remensem, hortatur, ut una cum (Petro) Ta-
961 3047 2874 3113 rantasiensi, W(illelmo) Senonensi archiepiscopis et (Pontio) episcopo Claromontensi
958 3107 2872 3168 atque (Alexandro) abbate Cisterciensi, (Theoderico) priore Cartusiensi et G. (Oddone?)
961 3160 2872 3226 magistro domus militiae Templi inimicitias inter Ludovicum Francorum et Henricum
961 3213 2870 3283 Anglorum regem, „toti Christianitati et praesertim orientali terrae gravissimas“,
961 3268 2872 3343 studeat exstinguere. Martene Coll. II. 989, Bouquet Rec. XV. 937, Migne 200
961 3332 1692 3392 p. 962. — „Cum de discordia“.
346 3292 572 3480 „„ „
680 3376 784 3484 „
910 3369 2874 3438 12237 (8218) Ecclesiam Carnotensem tuendam suscipit et eius possessiones iuraque
958 3429 2872 3502 confirmat, petente Gaufrido abbate. Gall. Chr. VIII. Instr. p. 339, Lépinois et Merlet
958 3482 2870 3599 Cart. I. 191. Migne 200 p. 915, CTheodori Poenitentiale II. 427). — „Idco sumus“.
1151 181 2072 276 ALEXANDER III. 1159—1181.
