3007 3975
647 318 2562 406 1173. (Ind. 6. — 25. Sept. — 7, pont. a. 14. — 20. Sept. — 15, 1172. — 25. Mart. — 1173.)
384 373 618 479 Anagniae
117 373 342 470 Sept. 28.
678 401 2642 468 12238 (8219) Ecclesiam b. Thomae Teatinam tuendam suscipit eiusque bona confirmat,
726 459 2646 532 petente Andrea episcopo. Ughelli It. sacr. VI. 707, Migne 200 p. 917. — „In
724 514 974 569 eminenti“.
117 563 340 642 Oct. 5.
678 554 2644 631 12239 Monasterii S. Mariae et S. Evodii Branensis protectionem suscipit, possessiones-
461 569 558 642 „
731 613 2646 693 que et. iura confirmat, petente Balduino abbate. Ex chartul. Branen. p. 10 Parisiis
729 677 2167 733 in tabul. nat. LL. 1583. Misit Delisle. — „Quotiens illud a“.
678 730 2644 790 12240 Parthenonis S. Mariae Minerviensis protectionem suscipit et possessiones con-
154 722 342 803 „ 14.
437 724 561 814 „
729 790 2644 850 firmat, petente Caracola abbatissa. In tabular. Mediolan. Ex schedis Iafféi; Wiener
724 839 1877 896 Sitzungsber. XCIV. 671. — „Ad hoc universalis“.
678 889 2644 956 12241 (8220) Oddoni, magistro militiae templi Hierosolymitani, et eius successoribus
152 889 338 954 „ 26.
457 892 554 980 „
726 945 2642 1022 ac fratribus varia privilegia concedit. Rymer Foedera I. 27, Migne 200 p. 919. —
729 1007 1310 1071 „Omne datum optimum“.
114 1024 340 1141 Nov. 10.
680 1060 2644 1124 12242 Ecclesiam Panicensem (prope Bononiam) tuendam suscipit, eiusque bona et iura
461 1060 552 1163 „
729 1121 2644 1183 confirmat, petente Gualfredo plebano. Wiener Sitzungsber. XCIV. 671. — „Quotiens
720 1168 934 1234 illud a“.
150 1212 340 1289 „ 18.
676 1219 2642 1287 12243 (8221) Henrico, archiepiscopo Remensi, mandat, compellat Willelmum, castel-
463 1163 545 1307 „
726 1283 2642 1347 lanum de S. Audomaro, ut monasterio Maricolensi ablata restituat. Martene Coll.
722 1325 2147 1393 II. 993, Migne 200 p. 923. — „Ex transmissa conquestione“.
150 1386 338 1466 „ 20.
676 1378 2642 1455 12244 (8222) Monasterii Castellensis protectionem suscipit, bonaque ac privilegia con-
461 1386 545 1503 „
722 1444 2640 1506 firmat, petente Radulfo abbate. Hugo O. P. A. I. Pr. p. 381, Miraei Opp. dipl.
726 1503 2165 1570 IV. 26, Migne 200 p. 924. — „Religiosam vitam eligentibus“.
676 1554 2638 1616 12245 (8223) Henrico, archiepiscopo Remensi, nunciat, se excommunicationis sententiam
152 1543 338 1636 „ 30.
461 1550 543 1656 „
724 1612 2635 1676 ab eo in Iohannem de Novis-aedibus prolatam confirmasse. Martene Coll. II. 994,
722 1658 1931 1731 Migne 200 p. 925. — „Significante nobis magistro“.
114 1689 335 1802 Dec. 4.
673 1718 2638 1782 12246 (8224) Monasterii S. Iohannis Valentianensis protectionem suscipit, possessiones-
455 1720 550 1810 „
722 1775 2635 1837 que ac privilegia confirmat, petente Gisleberto abbate. Miraei Opp. dipl. II. 829,
724 1824 1796 1892 Migne 200 p. 926. — „Desiderium, quod ad“.
673 1872 2635 1949 12247 (8225) Henrico, archiepiscopo Remensi, et eius suffraganeis, mandat, Ludovicum,
152 1855 335 1961 „ 25.
455 1870 552 2002 „
722 1938 2635 2005 Francorum regem, „sollicite moneant et inducere laborent, ut ad habendam pacem
722 1998 2633 2060 cum Henrico, rege Anglorum, animum suum, quantum salvo honore suo fieri poterit,
724 2053 2635 2115 clementer inclinet et Orientali terrae per potentiam regni sui celeri virtute succurat;
722 2106 2635 2168 homines quoque, qui sint de provincia Remensi propensius animent, ut secundum
720 2159 2635 2221 exhortationem (Bernardi) Liddensis episcopi et subprioris dominici sepulcri, qui propter
720 2214 2633 2274 hoc ad Ultramontanas partes legatione fungantur, defensioni eiusdem terrae fideliter
720 2259 2638 2336 et diligenter intendant“. Martene Coll. II. 994, Bouquet Rec. XV. 938, Migne 200
720 2316 1398 2380 p. 927. — „Non sine gravi“.
669 2369 2638 2438 12248 (8286) Archiepiscopis, episcopis, abbatibus et aliis ecclesiarum praelatis et uni-
457 2378 550 2493 „
722 2438 2635 2497 verso clero per Angliam et cismarinam terram regis Anglorum constitutis significat,
720 2491 2638 2552 se Henrico regi denunciasse, nisi a (Petro) archiepiscopo Tarantasiensi, (Pontio) epi-
720 2544 2635 2605 scopo Claremontensi et (Theoderico) priore Cartusiensi admonitus intra dies 40 Ludo-
722 2599 2635 2661 vici Francorum regis filias filiis suis restituisset, fore ut provincia, in qua illae deti-
722 2647 2635 2714 nerentur, interdicto afficerentur. Duchesne Hist. Fr. SS. IV. 769, Bouquet Rec. XV.
722 2707 2635 2773 940, Mansi XXI. 1032, Migne 200 p. 965, (Coll. Lips. LIX. 51, Coll. Cass. LVIII. 35,
724 2767 2635 2824 Coll. Bamb. LI. 34, Comp. I. I. 4. t. 1. c. 13, Decr. Greg. L. IV. t. 1. c. 11). De
720 2809 1858 2881 tempore cf. Reuter III. 178. — „Non est vobis“.
673 2873 2635 2934 12249 *Bertrando, archiepiscopo Tranensi, et Palmerio, abbati S. Stephani Monopoli-
461 2853 550 2952 „
724 2930 2633 2998 tano, mandat, iudicent inter Theodorum, episcopum Callipolitanum, et Paganum,
722 2981 1977 3049 abbatem Neritonensem. D'Avino Cenni storici p. 437.
636 3082 985 3164 1160—1174.
119 3186 331 3272 Apr. 20.
377 3191 614 3286 Anagniae
669 3184 2635 3263 12250 Galtero abbati et fratribus S. Vincentii Laudunensibus concedit, ne episcopus
724 3252 2635 3312 eorum plus quam unam procurationem in festivitate S. Vincentii ab eis exigere
722 3312 2527 3365 debeat. In bibl. nat. Paris. Coll. Grenier t. 267. f. 241. — „Nihil est quod“.
669 3354 2633 3438 12251 T(eoderico) praeposito, H(ugone) decano et capitulo Cameracensi petentibus con-
117 3347 335 3460 Mai. 21.
450 3352 554 3559 „
720 3414 2626 3489 firmat ea, quae de conferenda „tertia praebenda, ad concessionem capituli pertinenti“,
722 3467 2337 3570 constituerint. Pflugk-Harttung Acta I. 253. — „Sicut nobis imminet“.
2262 3515 2357 3619 34*
910 161 1838 256 ALEXANDER III. 1159—1181.
2518 167 2644 265 267
