3007 3975
335 187 463 273 268
883 331 1219 410 1160.—1174.
916 406 2883 479 12252 (8226) (Willelmo), episcopo Norwicensi, respondet, „vicarios, si personatum sibi
965 472 2883 538 falso assumentes contra personas se erexerint, in eodem episcopatu ad officii sui
963 527 2883 591 executionem non esse admittendos“. (Fragmentum.) Gesta Henrici, olim Benedicto
967 571 2883 642 Petroburg. tributa, 1175 ed. Stubbs I. 87, App. conc. Lat. XXXIX. 4, Comp. II. I. 2.
963 638 2573 693 t. 16. c. 1, Decr. Greg. L. V. t. 31. c. 6. — „IIlud etiam de vicariis“.
916 684 2883 753 12253 (8227) W(illelmo), episcopo Norwicensi, scribit de „frustratoriis appellationibus“, de
969 748 2883 808 falsis testimoniis, de corruptis litteris apostolicis; monet, ut „personas ecclesiarum
967 797 2883 863 suis et dominorum fundi authenticis scriptis praemuniat“. Addit de sacerdote, qui
969 859 2881 923 litteras suas interpolaverit. Gilberti Foliot epist. ed. Giles II. 95, cf. ibid. p. 94,
969 907 2883 976 Migne 200 p. 929, (App. conc. Lat. X. 5, Coll. Lips. XLVII. 4, Coll. Cas. LI. 4, Coll.
972 960 2883 1035 Bamb. XLII. 3, Comp. I. I. 2. t. 20. c. 4, l. 5. t. 16. c. 3, Decr. Greg. L. II. t. 20.
967 1013 2611 1090 c. 20, t. 28. c. 4). — „Ex tenore litterarum“ („Personas ecclesiarum“).
883 1068 1224 1185 1169 1174.
916 1172 2883 1252 12254 (8228. 9205) R(ogero), episcopo Wigorniensi, scribit de iis, „qui se ecclesia-
967 1243 2883 1302 sticae professionis esse fingentes, cum tamen ecclesiastica beneficia habeant, matri-
969 1300 2885 1358 monia contrahant“, de iis, qui „licet filii sacerdotum existant, patribus suis in ecclesiis
972 1355 2883 1415 quasi hereditario iure succedant“, de sacerdotibus fornicariis. Gilberti Foliot epist.
967 1404 2883 1464 ed. Giles II. 97, App. conc. Lat. XVIII. 6. 7, XIX. 4, Coll. Lips. LXIV. 5. 6, Coll.
972 1450 2883 1525 Cass. XXXIII. 4, LXIII. 5. 6, Coll. Bamb. XXIII. 4, LV. 5. 6, Comp. I. I. 1. t. 9.
969 1506 2883 1578 c. 3, I. 3. t. 2. c. 6, I. 3. t. 3. c. 4, Decr. Greg. L. I. t. 17. c. 3, Migne 200 p. 930.
972 1570 2883 1640 — „Inter cetera sollicitudini(s)“ „De sacerdotibus“ „Praesentium tibi“ „Praesentium
967 1625 1736 1680 etiam“ „Praesentium auctoritate“.
923 1669 2885 1744 12255 (8229) Rogero, episcopo Wigorniensi, respondet de puniendis sacerdotibus for-
972 1737 2883 1806 nicariis. (Fragmentum.) Gesta Henrici, olim Benedict. Petroburg. tributa, 1175 ed.
967 1784 1919 1859 Stubbs I. 85. — „Si quis sacerdos vel“.
885 1846 1221 1952 1173—1174.
366 1866 583 2022 ua 21
916 1934 2885 2014 12256 (8230) Henrico, archiepiscopo Remensi, respondet, ut (Rudolpho) „Leodiensi in-
625 1861 859 2069 „„„
969 2002 2885 2069 truso, nisi a schismatica pravitate ad ecclesiae unitatem, devotionem b. Petri et sui
969 2053 2883 2124 redierit, si salvo iure et dignitate Remensis ecclesiae abstinere poterit, in nullo com-
969 2117 2883 2179 municet et hominium ab eo, donec in schismate perseveraverit, si absque gravi detri-
972 2170 2883 2239 mento eiusdem ecclesiae id possit omittere, non recipiat“. Martene Coll. II. 959,
969 2221 2417 2292 Bouquet Rec. XV. 931, Migne 200 p. 931. — „Cum iure et“.
923 2281 2887 2347 12257 (8231) Henrico, archiepiscopo Remensi, significat, se (Guidoni) episcopo Cata-
404 2265 583 2358 „ 27.
713 2270 786 2385 „
972 2336 2885 2398 launensi praecepisse, „ut in appellationibus et ceteris ei sicut metropolitano suo, et
972 2391 2885 2455 cui teneatur in spiritualibus respondere, humiliter deferat“. Martene Coll. II. 960,
969 2444 2452 2504 Bouquet Rec. XV. 932, Migne 200 p. 931. — „Ex parte tuae“.
925 2495 2885 2561 12258 (8232) Henrico, archiepiscopo Remensi, mandat, ne abbati Dervensi, donec sen-
402 2479 581 2572 „ 28.
713 2446 786 2625 „
972 2557 2885 2614 tentiae in causa inter ipsum et canonicos S. Nicolai Catalaunenses latae paruerit,
972 2612 2883 2667 communionem reddat. Martene Coll. II. 961, Migne 200 p. 932. — „Dilecti filii nostri“.
923 2663 2885 2727 12259 (8233) Henrico, archiepiscopo Remensi, mandat, iudicet inter fratres Cussiacenses
366 2647 583 2731 Apr. 2.
704 2658 788 2775 „
974 2720 2883 2780 et canonicos S. Petri Laudunenses, de decimis quibusdam litigantes. Martene Coll.
974 2773 2167 2835 II. 961, Migne 200 p. 932. — „Dilecti filii nostri“.
925 2822 2887 2890 12260 (8234) Henrico, archiepiscopo Remensi, mandat, ut Henrico subdiacono ecclesiam
393 2817 581 2901 „ 8.
711 2833 786 2930 „
976 2884 2885 2943 de Arsi intra viginti dies post litterarum susceptionem vel invito (Hugone), episcopo
969 2937 2881 2996 Suessionensi, tribuat. Martene Coll. II. 962, Migne 200 p. 933. — „Cum olim nobis“.
923 2992 2885 3058 12261 (8235) Henricum, archiepiscopum Remensem, rogat, ut infirmos fratres de Osdayn
399 2983 583 3076 „ 9.
711 2994 788 3074 „
976 3049 2883 3115 „capellanum habere et oratorium cum coemeterio construere permittat“;, decimas ab
969 3100 2881 3160 eis exigi non sinat. Martene Coll. II. 963, Migne 200 p. 934. — „Dolor et miseria“.
925 3153 2883 3219 12262 (8236) Inter monasterium S. Remigii Remense et fratres Montis-maioris com-
408 3122 581 3233 „ 10.
709 3140 793 3274 „
974 3204 2883 3272 positionem a G(odefrido) episcopo Avenionensi super iuribus de villae S. Remigii
972 3255 2883 3325 ecclesia S. Martini confirmat. Mabillon Ann. ord. Ben. VI. 645, Migne 200 p. 934.
976 3314 1500 3387 — „Ea, quae iudicio“.
925 3365 2881 3433 12263 (8237) Henrico, archiepiscopo Remensi, mandat, ut sententiam inter fratres
402 3367 589 3539 „ **
702 3367 797 3566 „
976 3427 2883 3489 Humolarienses et abbatem de Ribomonte abbatissamque de Monasteriolo ac G(erar-
974 3484 2885 3579 dum) militem de Bresnoto a (CGaltero) Laudunensi et (Balduino) Noviomensi episcopis
1144 176 2074 280 ALEXANDER III. 1159—1181.
