3007 3975
642 309 974 395 1173—1174.
722 368 2644 470 latam observari iubeat. Martene Coll. II. 964, Migne 200 p. 935. — „Significa.
724 454 1221 518 verunt nobis dilecti“.
123 459 335 578 Apr. 14.
377 443 609 605 Aaaenae.
669 494 2644 567 12264 (8238) Henrico, archiepiscopo Remensi, de praebenda ecclesiae S. Petri Duacensis
731 565 2644 624 Walchero clerico, litterarum latori, tribuenda mandat. Martene Coll. II. 964, Migne
726 622 1716 686 200 p. 935. — „Veniens ad nos dilectus“.
152 669 340 768 „ 14.
459 664 547 766 „
676 671 2644 735 12265 (8239) Henrico, archiepiscopo Remensi, mandat, ut „a leprosis Sparnacensibus
722 728 2640 788 decimas de novalibus suis, quae propriis sumtibus excolant, sive de nutrimentis ani-
722 781 2635 843 malium suorum per canonicos Sparnacenses exigi vel extorqueri nullatenus patiatur“.
726 832 2330 898 Martene Coll. II. 965, Migne 200 p. 936. — „Querelam leprosorum“.
150 881 333 958 „ 17.
466 885 539 969 „
680 887 2642 956 12266 (8240) Henrico, archiepiscopo Remensi, Milonem, nuncium eius, commendat.
724 936 2350 1013 Martene Coll. II. 966, Migne 200 p. 937. — „Tantam sollicitudinem“.
152 993 335 1071 „ 17.
461 995 545 1068 „
673 998 2644 1064 12267 (8241) Henrico, archiepiscopo Remensi, mandat, ut An. de Loesi, donec R. sub-
724 1055 2644 1117 diacono a quo carceri tradito pecuniam extorsisset, de illatis iniuriis satisfecerit,
724 1110 2633 1174 haberi pro excommunicato iubeat. Martene Coll. II. 966, Migne 200 p. 937. —
726 1168 1259 1232 „Gravem querelam R.“
154 1212 338 1302 „ 18.
468 1223 534 1347 „
676 1219 2644 1285 12268 (8242) Henrico, archiepiscopo Remensi, mandat, compellat G. presbyterum, ut
726 1276 2644 1347 A. presbytero ablatam paroeciam de Nisi restituat. Martene Coll. II. 967, Migne 200
724 1333 1588 1397 p. 938. — „Querelam A. presbyteri“.
152 1375 333 1453 „ 19.
468 1380 543 1459 „
678 1382 2644 1448 12269 (8243) Henrico, archiepiscopo Remensi, mandat, cogat Matthaeum, civem Cata-
726 1444 2644 1508 launensem, ut Evrardo presbytero ablatam plateam restituat. Martene Coll. II. 968,
722 1501 1734 1556 Migne 200 p. 938. — „Querelam Evrardi“.
154 1521 338 1625 „ 19.
463 1519 547 1680 „
673 1541 2644 1618 12270 (8244) Henrico, archiepiscopo Remensi, significat, se „nobili viro, Ph(ilippo),
722 1598 2642 1669 comiti Flandrensi, nullam immunitatem contra ius et dignitatem eius indulsisse,
726 1667 2644 1731 neque illum a potestate eius exemisse“. Martene Coll. II. 968, Bouquet Rec. XV. 932,
724 1713 1745 1784 Migne 200 p. 938. — „Cum devotionis et“.
159 1757 338 1846 „ 20.
463 1766 550 1857 „
676 1771 2644 1835 12271 (8245) Henrico, archiepiscopo Remensi, mandat, ut fratrum Humolariensium et
729 1828 2644 1892 T. de Nigella controversiam super modio salis agitatam decernat. Martene Coll.
726 1888 1866 1941 II. 970, Migne 200 p. 939. — „Iam pridem, si“.
154 1912 340 2005 „ 21.
459 1927 554 2007 „
678 1932 2642 2002 12272 (8246) Henrico, archiepiscopo Remensi, mandat, compellat abbatem Dervensem,
724 1989 2642 2060 ut Ric. et Arn. mercatoribus Flandrensibus marcas argenti 30 restituat. Martene
724 2051 2182 2106 Coll. II. 970, Migne 200 p. 939. — „Constituti in praesentia“.
159 2080 338 2170 „ 28.
463 2075 554 2232 „
678 2095 2644 2164 12273 (8247) Henrico, archiepiscopo Remensi, mandat, ut monachorum Compendiensium
729 2159 2644 2226 possessiones quasdam et privilegia contra canonicos ipsius ecclesiae tueatur. Mar-
724 2203 2227 2281 tene Coll. II. 971, Migne 200 p. 940. — „Significantibus nobis“.
156 2254 342 2367 „ 28.
463 2237 550 2385 „
678 2259 2644 2329 12274 (8248) Henricum, archiepiscopum Remensem, monachos Compendienses tutantem
729 2318 2644 2387 laudat. Mandat, interdicat eiusdem ecclesiae canonicis, „ne de antiquo et communi
726 2371 2642 2433 sigillo aliqua faciant scripta bullari, quae in detrimentum monasterii convertantur“.
724 2429 2602 2491 Coll. II. 972, Bouquet Rec. XV. 933, Migne 200 p. 940. — „Dilecti filii nostri“.
159 2479 340 2561 „ 28.
459 2477 556 2566 „
678 2477 2644 2550 12275 (8249) Henrico, archiepiscopo Remensi, mandat, ut compositionem a S. Remigii
722 2544 2642 2601 et S. Crispini abbatibus factam inter Compendienses et Thenolienses fratres obser-
726 2594 2640 2654 vari iubeat. Martene Coll. II. 972, Migne 200 p. 941. — „Ex transmissa nobis“.
156 2638 338 2716 „ 28.
457 2641 558 2771 „
678 2647 2642 2720 12276 Universis clericis infra. terminos Compendienses commorantibus praecipit, ut
726 2700 2644 2769 (Ansoldo) abbati Compendiensi obediant et „de querelis ad ipsum perlatis, sub eius
724 2762 2642 2820 examine ordine iudiciario experiantur“. Chartul. S. Cornel. Compend. LL. 1622.
724 2813 2644 2877 s. XIII. f. 136 in tabular. nat. Paris., Coll. Moreau t. 70. f. 8 in bibl. nat. Paris.
724 2870 1449 2937 — „Significavit nobis dilectus“.
156 2915 338 2990 „ 30.
457 2915 558 2994 „
678 2912 2644 2985 12277 (8250) Henrico, archiepiscopo Remensi, mandat, hortetur (Bartholomaeum), epi-
729 2981 2642 3040 scopum Bellovacensem, ne canonicis ecclesiae S. Laurentii pistores, qui eorum molen-
729 3040 2644 3093 dinum frequentare solent, subtrahat, utque ecclesiam Franci Castelli ablatam eis
729 3085 2642 3149 restituat. Martene Coll. II. 973, Migne 200 p. 941. — „Ex transmissa conquestione“.
123 3127 340 3215 Mai. 1.
459 3078 558 3263 „
680 3146 2644 3204 12278 (8251) Henrico, archiepiscopo Remensi, mandat, compellat magistrum G. Laudu-
729 3197 2644 3259 nensem, ut Hu. mulieri de Suune libras 18 restituat. Martene Coll. II. 974, Migne
729 3250 1796 3319 200 p. 942. — „Ex transmissa conquestione“.
258 3297 340 3445 *.
441 3299 558 3431 „
678 3297 2644 3367 12279 Abbati S. Remigii et decano Remensi mandat, ut infra viginti dies post litteras
729 3363 2642 3422 acceptas presbyteros ecclesiarum S. Iohannis, S. Iacobi et S. Nicolai Gandensium
729 3411 2640 3489 moneant, ut omnium oblationum duas partes fratribus S. Petri reddant. Lokeren
726 3473 2090 3577 S. Pierre s. Gand p. 154. — „Ex transmissa conquestione“.
905 154 1833 262 ALEXANDER III. 1159—1181.
2512 165 2642 265 269
