3007 3975
338 167 468 253 270
883 318 1215 406 1173—1174.
914 379 2887 472 12280 (8252) Henrico, archiepiscopo Remensi, mandat, ut abbatem Silvae-maloris a
360 366 581 483 Mai. 4.
620 348 859 488 Anarniae
976 448 2885 523 Wiscardi et Radulfi de Coceio iniuriis defendat. Martene Coll. II. 974, Bouquet
969 510 2306 580 Rec. XV. 934, Migne 200 p. 942. — „Significavit nobis“.
919 567 2885 638 12281 Inter fratres Valcellenses et ecclesiam S. Andreae de Castello compositionem
395 552 578 640 „ 13.
707 560 793 660 „
967 624 2883 691 a Petro, electo Cameracensi, super decimis factam confirmat. In bibl. nat. Paris.
969 677 2883 739 Chartul. Valcellens. cop. a. 1872, ms. lat. nouv. acqu. 1206. f. 33, (Neues Archiv
972 724 1769 799 VII. 103). — „Ex litteris dilecti“.
916 779 2885 848 12282 (8254) Henrico archiepiscopo, episcopis, abbatibus et aliis ecclesiarum praelatis
397 781 578 865 „ 15.
700 770 795 905 „
967 845 2883 903 archiepiscopatus Remensis, monachos S. Remigii tuendos commendat. Martene Coll.
967 894 2728 967 II. 975, Bouquet Rec. XV. 934, Migne 200 p. 946. — „Cum oporteat nos“.
919 947 2883 1015 12283 (8255) Henrico, archiepiscopo Remensi, mandat, compellat Paganum et Rainaldum
388 942 574 1022 „ 18.
698 938 786 1033 „
967 1002 2881 1075 burgenses Remenses, a sede apostolica reversos, ut, quas Alagrino, civi Anagnino,
967 1062 2883 1128 debeant, libras 16 monetae Provinensis nuncio eius exsolvant. Martene Coll. II. 976,
967 1119 1886 1185 Migne 200 p. 946. — „Cum Paganus“.
919 1170 2885 1234 12284 (8256) Henrico, archiepiscopo Remensi, mandat, compellat Adamum de Villari
391 1159 576 1245 „ 19.
700 1188 786 1289 „
967 1227 2881 1296 et eius fratrem, ut Rainoldo ablatam terram restituant. Martene Coll. II. 976,
947 1283 2554 1338 Migne 200 p. 947. — „Ex transmissa questione (an conquestione?)“.
916 1340 2883 1400 12285 Fratribus Compendiensibus ecclesiam S. Clementis, quae vocatur Abbatia, et alia
393 1333 576 1408 „ 19.
695 1349 788 1457 „
963 1391 2883 1453 quaedam asserit. Chartul. S. Cornel. Compend. LL. 1622. s. XIII. f. 53 in tabul.
965 1446 2883 1510 nat. Paris., Coll. Moreau t. 71. f. 199 in bibl. nat. Paris. — „Quotiens aliqua eccle-
963 1506 1166 1559 siarum“.
919 1543 2883 1618 12286 (8257) Henrico, archiepiscopo Remensi, mandat, iudicet inter monachos Com-
393 1528 576 1627 „ 20.
702 1532 784 1678 „
965 1614 2881 1676 pendienses et canonicos ecclesiae S. Clementis. Martene Coll. II. 977, Bouquet Rec.
965 1656 2246 1733 XV. 935, Migne 200 p. 947. — „Pervenit ad nos ex“.
916 1722 2881 1782 12287 Monasterio Compendiensi decimas quasdam concedit, statuitque ne in ecclesia
388 1707 574 1795 „ 21.
700 1726 779 1837 „
965 1782 2883 1835 eiusdem loci praebendarum vel canonicorum numerus augeatur. Alia addit. Char-
967 1837 2881 1890 tular. S. Cornel. Compend. LL. 1622. s. XIII. f. 54 in tabular. nat. Paris., Coll.
965 1883 2520 1954 Moreau t. 74. f. 130 in bibl. nat. Paris. — „Etsi iustas petitiones“.
914 1941 2881 2000 12288 (8258) Henrico, archiepiscopo Remensi, mandat, ut vel invitis decano et thesau-
391 1916 574 2014 „ 21.
698 1903 782 2080 „
967 1996 2881 2062 rario Noviomensibus ecclesiam S. Medardi de Barleus W. presbytero tribuat. Mar-
965 2053 2430 2108 tene Coll. II. 978, Migne 200 p. 948. — „Cum W. presbyter“.
916 2102 2881 2168 12289 (8259) Henrico, archiepiscopo Remensi, mandat, compellat Ro. de Thori cano-
395 2091 576 2177 „ 26.
698 2086 782 2228 „
965 2157 2876 2226 nicum, ut G. clerico domum quamdam restituat. Martene Coll. II. 978, Migne 200
965 2217 1922 2279 p. 948. — „Ex transmissa conquestione“.
916 2265 2876 2336 12290 Canonicis S. Mariae Blesensibus concessam a Io(scio), archiepiscopo Turonensi,
391 2232 576 2338 „ 31.
698 2252 788 2385 „
967 2329 2881 2389 ecclesiam S. Laurentii de Monte Laudato confirmat. Cartul. de Burgo-medio Bles.
961 2380 2821 2438 Coll. Housseau 12. I. f. 72 in bibl. nat. Paris. — „(Iustis) petentium desideriis“.
914 2429 2881 2495 12291 (8260) Henrico, archiepiscopo Remensi, mandat, ut leprosos de Turribus super
357 2422 576 2508 Iun. 1.
698 2422 790 2555 „
969 2486 2881 2552 Marnam, a monachis eiusdem villae et Eyvirvino presbytero excommunicatos, absolvat,
969 2544 2878 2603 ac tres de fratribus extra coemeterium sepultos in coemeterium transferri iubeat.
972 2597 2549 2663 Martene Coll. II. 979, Migne 200 p. 949. — „Recepimus querelam“.
916 2650 2878 2716 12292 (8261) Fratribus Cartusiensibus significat, se monasterium Gyriense, ab Henrico,
388 2636 574 2727 „ 2.
695 2650 788 2725 „
963 2707 2878 2769 episcopo Gurcensi, assentientibus ecclesiae suae praeposito, canonicis ac ministeria-
967 2767 2878 2826 libus, conditum, tuendum suscepisse. Zahn Urkundenb. v. Steiermark I. 530, (Pusch
965 2817 2578 2884 et Froehlich Dipl. St. II. 135, Migne 200 p. 949). — „His, que ad“.
916 2859 2881 2950 12293 (9155. 9156. 9157. 9158) W(illelmo), archiepiscopo Senonensi, apostolicae sedis
384 2862 576 2954 „ 2.
687 2873 797 3001 „
967 2926 2881 2987 legato, respondet 1) appellationem non esse admittendam, „postquam est causa iudicibus
965 2981 2876 3051 appellatione remota commissa“, etiamsi altera pars generali appellationis privilegio
967 3029 2874 3098 munita sit; 2) iudicem delegatum contumaces censuris ecclesiasticis coercere posse;
967 3093 2874 3155 3) „non esse tutum, quemlibet contra iuramentum suum- venire, nisi tale sit illud,
967 3140 2874 3210 quod observatum vergat in interitum salutis aeternae“; 4) „si qui vir et mulier pari
967 3197 2876 3257 consensu contraxerint matrimonium et vir, ea cognita, alteram duxerit, eum cogen-
965 3255 2872 3316 dum esse, secundam dimittere et ad primam redire“. Wiener Sitzungsber. XXIV. 65,
967 3301 2874 3369 (App. conc. Lat. VI. 17, VII. 7, X. 11. 12, XVII. 1, Coll. Lips. XVII. 3, XXXV. 6,
972 3361 2874 3429 XLVII. 12. 13, LIX. 31, Coll. Cass. XXXVIII. 3, XLII. 6, LI. 11. 12, LVIII. 20,
969 3418 2874 3478 Coll. Bamb. XIX. 3, XXXIII. 6, XLI. 10. 11, LI. 18, Comp. I. I. 1. t. 2. c. 1, I. 1.
967 3469 2872 3579 t. 21. c. 6. I. 2. t. 17. e. 4. I. 2. t. 20. c. 13, l. 4. t. 4. c. 7. Dcer. Greg. I. I.
1153 167 2074 265 ALEXANDER III. 1159—1181.
