3007 3975
634 318 961 415 1173—1174.
713 375 2635 470 t. 3. c. 1, t. 29. c. 5, L. II. t. 24. c. 8, t. 28. c. 12). — „Sicut Romana ecclesia“
715 457 2638 525 „Super eo vero quod“ „Super eo quod“ „Praetea super hoc“ „Si vero aliquis“ „Porro
713 510 905 576 si qui“.
112 547 329 640 Iun. 3.
368 503 605 691 A„„„
667 552 2638 627 12294 (8262) Henrico, archiepiscopo Remensi, mandat, compellat fratrum hospitalis
718 618 2635 682 Hierosolymitani, qui in episcopatu Catalaunensi morantur, adversarios, ut importata
713 677 2635 748 iis damna compensent. Martene Coll. II. 979, Migne 200 p. 950. — „Ex parte
713 728 1000 795 dilectorum“.
139 775 324 856 „ 4.
457 812 534 865 „)
669 781 2635 845 12295 (8263) Henricum, archiepiscopum Remensem, monet, ut G. diaconum, litterarum
718 839 2635 903 latorem, beneficio impertiat. Martene Coll. II. 980, Migne 200 p. 950. — „Licet
713 896 1115 960 de universorum“.
141 938 326 1024 „ 4.
457 951 536 1053 „
667 938 2635 1011 12296 (8264) Henrico, archiepiscopo Remensi, mandat, ut I. presbytero ablatam ecole-
713 1007 2635 1068 siam Villae Senioris restituat. Martene Coll. II. 981, Migne 200 p. 951. — „Rediens
711 1053 967 1124 ad nos I.“
141 1097 320 1192 „ 7.
457 1113 536 1260 „
669 1110 2635 1174 12297 (8265) Willelmo, archiepiscopo Tarraconensi, apostolicae sedis legato, eiusque
713 1174 2633 1234 suffraganeis mandat, sub excommunicationis poena (Ildefonsum) regem Aragonensem
715 1230 2635 1285 hortentur, ne Robertum, auctorem necis, Hugoni quondam archiepiscopo Tarraconensi
715 1278 2633 1342 illatae, in regnum recipiat. Marca Marca Hisp. p. 1355, Aguirre Conc. V. 87,
715 1336 2635 1400 Mansi XXI. 1069, Villanueva Viage litter. XIX. 289, Migne 200 p. 952. — „Officio
715 1395 1109 1453 nostro congruit“.
139 1424 326 1534 „ 9.
452 1439 534 1534 „
667 1442 2633 1506 12298 (8266) IIdefonsum, regem Aragonum, monet, ne Robertum, Hugonis quondam
715 1501 2633 1561 archiepiscopi Tarraconensis interfectorem in regnum recipiat. Addit de epistola ad
720 1550 2633 1623 Willelmum archiepiscopum missa. Marca Marca Hisp. p. 1356, Aguirre Conc. V. 88,
715 1614 2138 1678 Mansi XXI. 1070, Migne 200 p. 952. — „Cum scriptum sit“.
139 1651 322 1726 „ 11.
455 1673 536 1735 „
665 1654 2633 1724 12299 (8267) Fulconem decanum et canonicos ecclesiae Remensis hortatur, ut, „quod
715 1715 2633 1782 in communione mensae, provisione pauperum, compositione vestium, sedulitate officii
713 1775 2633 1835 atque aliis honestis operibus inter eos noscatur vanitate subrepente dilapsum, ad
715 1828 2631 1894 honestatis formam et statum pristinum reducant“. Martene Thes. I. 458, Migne 200
713 1881 1374 1952 p. 953. — „Quanto plures“.
121 1919 218 2016 („)
435 1883 543 2025 („)
662 1932 2633 2000 12300 (8268) Henrico, archiepiscopo Remensi, mandat, ut canonicorum disciplinam cor-
711 1989 2633 2053 rigat. Martene Thes. I. 460, Bouquet Rec. XV. 935, Migne 200 p. 954. — „Si iuxta“.
143 2027 322 2117 „ 16.
450 2047 543 2122 „
665 2044 2633 2108 12301 (8269) Henrico, archiepiscopo Remensi, mandat, ut a canonicis S. Gervasii de-
713 2104 2633 2168 cimas quasdam restitui fratribus S. Medardi iubeat. Martene Coll. II. 982, Migne
715 2164 1555 2217 200 p. 955. — „Dilecti filii nostri“.
141 2201 318 2272 „ 16.
448 2237 545 2332 „
665 2217 2633 2276 12302 (8270) Henrico, archiepiscopo Remensi, mandat, compellat comitem Registeten-
715 2265 2633 2329 sem, ut fratrum S. Medardi Suessionensis hominibus de Iungeri ablata intra viginti
713 2323 2633 2382 dies post litterarum susceptionem restituat. Martene Coll. II. 982, Bouquet Rec.
713 2378 2081 2444 XV. 934, Migne 200 p. 956. — „Pervenit ad audientiam“.
139 2420 322 2508 „ 17.
448 2446 545 2510 „
660 2431 2633 2497 12303 (8271) Henrico, archiepiscopo Remensi, mandat, cogat Petrum, militem Compen-
711 2488 2631 2555 diensem, ut ablatam Phy. de Petra-fonte terram reddat. Martene Coll. II. 982,
711 2546 1637 2603 Migne 200 p. 956. — „Ex parte Phy.“
141 2583 322 2658 „ 17.
446 2597 543 2674 „
660 2590 2631 2658 12304 (8272) Henrico, archiepiscopo Remensi, mandat, ut Ernaldum, qui in B. cano-
711 2654 2629 2720 nicum Laudunensem „violentas manus iniecerit“, excommunicet. Martene Coll. II. 983,
711 2705 1754 2775 Migne 200 p. 957. — „Ex relatione dilecti“.
139 2751 320 2824 „ 18.
446 2760 547 2835 „
660 2756 2631 2824 12305 (8273) Henrico, archiepiscopo Remensi, mandat, compellat Lambertum, ut Iohanni
711 2817 2631 2879 clerico et eius fratri Radulfo, quae abstulerit, restituat. Martene Coll. II. 984, Migne
711 2873 1557 2937 200 p. 957. — „Venientes ad nos“.
143 2915 320 2998 „ 20.
444 2923 547 2994 „
660 2926 2631 2987 12306 (8274) Henrico, archiepiscopo Remensi, mandat, ut Iohannem clericum et eius
711 2979 2631 3043 fratrem Radulphum, a (Guidone) episcopo Catalaunensi excommunicatos, pro absolutis
711 3029 2629 3100 haberi iubeat, compellatque episcopum, ut eis expensas necessarias, quas ad sedem
713 3091 2631 3151 apostolicam „veniendo, morando vel redeundo“ fecerint, restituat. Martene Coll.
711 3140 1992 3213 II. 985, Migne 200 p. 958. — „Conquerentibus nobis“.
143 3182 322 3270 „ 23.
444 3213 545 3279 „
662 3202 2629 3261 12307 (8275) Henrico, archiepiscopo Remensi, mandat, compellat abbatem Letiensem,
713 3246 2629 3319 ut monasterio Melbodiensi Anor villam restituat. Martene Coll. II. 985, Migne 200
711 3314 1506 3365 p. 958. — „Relatum est auribus“.
143 3347 326 3502 „ 25.
428 3354 550 3515 „
660 3358 2629 3438 12308 (8276) Henrico, archiepiscopo Remensi, mandat, ut G. canonicum Laudunensem
713 3418 2626 3500 privari decuma quadam vetet. Martene Coll. II. 986, Migne 200 p. 959. — „Relatum
713 3478 1020 3566 est auribus“.
901 161 1827 253 ALEXANDER III. 1159—1181.
2507 165 2635 256 271
