3007 3975
351 176 477 258 272
897 326 1230 417 1173—1174.
373 386 592 554 p „
634 377 870 492 Anagniae
932 404 2898 477 12309 (8277) Henrico, archiepiscopo Remensi, mandat, compellat fratres de Eslans
985 465 2898 530 (Elantinos), ut subtractam fratribus S. Nicasii pensionem a quatuor retro annis sol-
987 530 2898 585 vendam restituant. Martene Coll. II. 987, Migne 200 p. 960. — „Dilecti filii nostri“.
932 576 2898 644 12310 (8278) Henrico, archiepiscopo Remensi, mandat, ut controversiam vicedomini de
408 567 594 651 „ 11.
713 578 804 647 „
985 629 2898 702 Pinconio et abbatis Aquicinctensis super possessionibus quibusdam litigantes diiudicet.
987 689 2573 757 Martene Coll. II. 988, Migne 200 p. 960. — „Ex parte vicedomini“.
934 742 2898 806 12311 Praeposito, Fulconi decano et capitulo Remensi litteras dat. Neues Archiv
415 733 592 817 „ 15.
724 748 799 814 „
985 797 1736 865 VII. 101. — „Pervenit ad nos“.
932 848 2900 916 12312 Inter monasterium S. Nicolai Ribomontense et Guidonem presbyterum (de Fon-
404 852 592 942 „ 15.
715 848 797 951 „
983 909 2896 969 tanis) super decima de Fillanis actum a R(oberto) episcopo Ambianensi arbitrium
980 958 2898 1024 confirmat. Stein Cart. de St. Nicol. des Prés sous Ribem. p. 112, (Cartam Roberti
980 1020 2386 1084 a. 1168 datam cf. ibid. p. 114). — „Ea quae compositione“.
930 1071 2898 1132 12313 Abbati et fratribus S. Nicolai Ribomontensibus scribit de controversia eorum
406 1055 592 1148 „ 15.
711 1071 802 1141 „
978 1130 2900 1185 cum monasterio Humolariensi aliisque, commissa (Everardo) episcopo Tornacensi.
978 1183 2898 1252 Compositionem huius confirmat. Stein Cart. de St. Nicol. des Prés sous Ribem. p. 109.
980 1241 1632 1307 — „Ea quae compositione“.
930 1287 2898 1353 12314 Compositionem inter monasterium S. Nicolai Ribomontense atque (Petrum)
404 1285 589 1371 „ 18.
715 1287 799 1360 „
978 1347 2896 1408 abbatem Humolariensem, (Adenam) abbatissam Monasteriolensem Gerardumque de
980 1408 2898 1466 Brenorch ab Hug(one) abbate S. Quintini factam et a B(alduino) Noviomensi ac
980 1453 2898 1519 G(altero) Laudunensi episcopis roboratam confirmat. Stein Cart. de St. Nicol. des
980 1508 2222 1578 Prés sous Ribem. p. 105. — „Ea quae compositione“.
930 1556 2898 1629 12315 (8279) Henrico, archiepiscopo Remensi, mandat, ut fratrum de Mellento coeme-
408 1556 592 1654 „ 18.
720 1559 799 1658 „
978 1623 2896 1687 terium ab uno de suffraganeis suis dedicari iubeat. Martene Coll. II. 988, Migne 200
980 1678 1948 1744 p. 961. — „Significaverunt nobis infirmi“.
936 1731 2896 1795 12316 (8280) Domum infirmorum fratrum iuxta Remensem civitatem commorantium
402 1671 589 1802 „ 21.
715 1729 797 1804 „
980 1782 2896 1848 tuendam suscipit, et „nundinas, quas Henricus archiepiscopus iuxta eam domum
978 1835 2898 1905 annuatim celebrari concessit, scilicet a die paschae usque ad vesperas sequentis domi-
978 1899 2896 1954 nicae, confirmat“. Marlot Metr. Rem. II. 400, Migne 200 p. 961. — „Dignum est et“.
934 1945 2894 2018 12317 Hugoni abbati et fratribus S. Genovefae scribit, „contineri in scripto quodam,
729 1908 788 2020 „
406 1923 585 2031 „ 28.
985 2007 2898 2071 quod b. m. Hen(ricus) quondam Francorum rex fecisse dinoscatur, quod Teudo de
983 2060 2894 2122 Firmitate, quae appelletur Urcha, coram eodem rege pravas consuetudines, quas in
987 2117 2898 2181 villa apostolorum Petri et Pauli et S. Genovefae, quae Marisiacus nominetur, habuerit,
978 2173 2898 2237 ecclesiae eorum remiserit“. Quam remissionem confirmat. Loewenfeld Epistolae
980 2223 1794 2292 p. 143. — „Continetur in scripto“.
934 2276 2900 2345 12318 (Guichardo) archiepiscopo Lugdunensi, apost. sed. legato, et (Roberto?) electo
375 2270 596 2345 Aug. 11.
720 2214 799 2407 „
989 2334 2900 2393 Viennensi mandat, ut de iniuriis satisfaciant, quas eorum parochiani canonicis Roma-
985 2382 2898 2451 nensibus intulerint. („III. Id. Aug.“) Giraud L'abbaye de St.-Barnard I. Preuves
985 2438 2282 2513 p. 211 et II. Preuves p. 111. — „Licet iniuncto nobis“.
934 2499 2898 2563 12319 (8282) Henrico, archiepiscopo Remensi, mandat, ut F. civem Remensem a S.
408 2484 592 2585 „ 31.
722 2493 808 2588 „
985 2552 2898 2625 burgensi S. Remigii de domo quadam vexari vetet. Martene Coll. II. 990, Migne
985 2605 2052 2667 200 p. 963. — „Ex transmissa conquestione“.
373 2647 594 2762 Sept. 6.
932 2656 2898 2725 12320 (8283) Henrico, archiepiscopo Remensi, scribit, „cum de contrahendo matrimonio
718 2656 808 2771 „
985 2709 2896 2782 inter filium L(udovici) Francorum regis et filiam illius F(riderici), dicti imperatoris,
987 2773 2896 2835 verbum iam diu sopitum suscitetur, . . . ita laboret efficere, ut vel iam dictum nego-
987 2822 2896 2890 tium revocetur, aut si revocari non poterit, taliter provideatur, quod ecclesia Dei
983 2886 2898 2943 nullum exinde incommodum sustineat vel iacturam; suadeat regi, „ut contra ini-
987 2941 2896 3003 micos suos de caelo quaerat auxilium, non ab homine“. Martene Coll. II. 991,
985 2994 2626 3051 Bouquet Rec. XV. 938, Migne 200 p. 964. — „Cum de contrahendo“.
936 3040 2894 3111 12321 (8284) Henrico, archiepiscopo Remensi, mandat, hortetur G(uidonem), episcopum
408 3034 589 3120 „ 10.
715 3045 815 3180 „
985 3100 2894 3164 Catalaunensem, ut Horrico clerico, ab abbate Maurimontensi praesentato, ecclesiam
983 3155 2898 3221 S. Iuliani de Helissia restituat. Martene Coll. II. 992, Migne 200 p. 964. — „Decet
987 3217 1349 3272 nos provisioni“.
932 3250 2898 3325 12322 (8415) Monachis Wessenbrunnensibus praecipit, ne expulsum abbatem schisma-
415 3252 594 3358 „ 30.
709 3261 821 3374 „
985 3319 2896 3380 ticum denuo recipiant, quem (Hartwigus) schismaticus episcopus Augustensis resti-
987 3374 2896 3436 tuere studeat. Leutner Hist. mon. Wessofont. p. 211, Migne 200 p. p. 1059; De
987 3420 2894 3500 tempore vide Adler Herzog Welf VI. und sein Sohn p. 82 et Fechner in Arch. fur
989 3478 2255 3586 R. 6sterr. Gesch.-Qu. XXI. 318. — „Retulerunt nobis“.
1170 181 2090 276 ALEXANDER III. 1159—1181.
