3007 3975
627 335 958 404 1173—1174.
362 384 596 479 Anagniae
660 384 2626 470 12323 (8416) Monachis Wessenbrunnensibus scribit, ut Henricum et Carolum fratres
99 382 322 479 Sept. 30.
711 454 2629 523 recipiant, qui testante Welfonis ducis epistola expulsum abbatem schismaticum repu-
707 512 2624 576 diaverint. Leutner Hist. mon. Wessofont. p. 210, Migne 200 p. 1059. —— „Ex relatione“.
662 567 2626 638 12324 Consules Placentinos hortatur, ne abbatissam monasterii S. Iuliae Brixiensis in-
103 560 322 689 Oct. 17.
437 560 552 686 „
713 631 2626 689 iuriis afficiant, utque litem cum ea de portu et ponte Placentino in praesentia G(al-
711 682 2626 746 dini) archiepiscopi Mediolanensis, apostolicae sedis legati, et (Oberti) Dertonensis
711 739 2626 799 episcopi componant; praecipit, ut „pedagium, quod F(ridericus) imperator et nuntii
711 792 2622 852 eius memoratae abbatissae ac monasterio eius solverint, ei cum integritate solvant“.
713 848 2626 912 Addit, W. et Er. de Porta, malefactores magistri P. subdiaconi, ecclesiae S. Antonini
713 901 2626 967 canonici, „non exhibita sibi corporali praesentia“ absolvendos non esse; sed si W.,
711 958 2626 1020 ita claudicet, quod ad sese accedere non possit, a Galdino archiepiscopo, recepto iura-
711 1013 2629 1079 mento, eum anathemate liberatum iri. Boselli Storie Piacentine p. 325. — „Cum
713 1066 1190 1126 monita et mandata“.
660 1117 2629 1183 12325 Clerum populumque Oritanum vituperat, quod quibusdam aures dent, qui discor-
143 1104 320 1212 „ 20.
433 1117 545 1199 „
713 1179 2629 1238 diam inter eos et Brundisinos seminare conentur. Hortatur, ut archiepiscopo Brun-
711 1236 2629 1302 disino obediant. (Melius redigendum videtur ad a. 1160—1179.) Pflugk-Harttung
711 1287 1579 1360 Iter p. 274. — „Miramur plurimum“.
629 1360 2549 1453 1174. (Ind. 7. — 25. Sept. — S. ponf. a. 15. — 20. Sept. — 16, 1173. — 25. Mart. — 1174.)
360 1428 596 1534 Anagniae
658 1442 2626 1512 12326 Statuit, ut mansi in castro Gorge de manibus Tebaldi, civis Anagnini, ad mansos
106 1439 322 1541 fan. 6.
709 1503 2624 1565 monasterii Villae magnae redeant. Pflugk-Harttung Iter p. 275. — „Cum sepius“.
662 1556 2626 1623 12327 Transmundo, abbati Clarevallensi, et omnibus fratribus eiusdem ordinis in Lom-
139 1545 320 1651 „ 11.
446 1585 532 1676 „
711 1616 2624 1676 bardia constitutis confirmat „immunitatem iuramenti calumniae“. a rectoribus Lom-
711 1669 2626 1735 bardiae interveniente Manfredo, tit. S. Caeciliae presbytero cardinali, tunc apostolicae
713 1729 2626 1795 sedis legato, concessam. Vignati Storia dipl. della lega Lomb. p. 239. — „Iustis
711 1779 1208 1839 petentium desideriis“.
660 1828 2626 1899 12328 (8287) Gerardo abbati et universo conventui Claraevallensi Bernardum abbatem
139 1824 318 1914 „ 18.
446 1843 539 1956 „
711 1894 2622 1952 in numerum sanctorum relatum nunciat. S. Bernhardi Opp. II. 1362, Acta SS. Aug.
711 1949 2624 2014 T. IV. 245, Manrique Ann. Cist. III. 2, Migne 185 p. 624. — „Sicut de religione“.
660 1998 2626 2064 12329 (8288) Universis ordinis Cisterciensis abbatibus significat, Bernardum quondam
139 1976 320 2073 „ 18.
446 1989 534 2115 „
707 2060 2626 2122 abbatem Claraevallensem a sese sanctis ascriptum esse. S. Bernhardi Opp. II. 1361, Acta
709 2115 2624 2173 SS. Aug. T. IV. 245, Manrique Ann. Cist. III. 2, Migne 185 p. 623. — „Quoties honesta“.
660 2164 2626 2228 12330 (8289) Archiepiscopis, episcopis, abbatibus, aliisque ecclesiarum praelatis, in regno
141 2144 320 2248 „ 18.
444 2155 539 2334 „
711 2221 2626 2281 Franciae constitutis, nunciat, Bernardum quondam abbatem Clarevallensem sanctorum
709 2279 2626 2338 ordinibus ascriptum esse. S. Bernhardi Opp. II. 1360, Acta SS. Aug. T. IV. 244,
711 2325 2626 2393 Manrique Ann. Cist. III. 3, Bouquet Rec. XV. 940, Mansi XXI. 1048, Migne 185
709 2378 1341 2451 p. 622. — „Contigit olim“.
660 2429 2626 2502 12331 (8290) Ludovico, Francorum regi, Bernardum in sanctos relatum nunciat. Mona-
139 2426 324 2517 „ 18.
441 2435 541 2539 „
711 2499 2624 2559 sterium Claraevallense commendat. S. Bernhardi Opp. II. 1360, Bouquet Rec. XV.
711 2550 2626 2612 941, Acta SS. Aug. T. IV. 244, Migne 185 p. 623, (Manrique Ann. Cist. III. 3).
711 2612 1285 2674 — „Novit, ut credimus“.
660 2652 2624 2718 12332 Transmundo abbati et conventui Clarevallensi grangiam de Valleria asserit.
141 2621 309 2729 „ 20
450 2625 536 2784 „
711 2707 2626 2775 Autogr. in Arch. reg. Mediol. Ex schedis Iafféi: „XIII. kal. Febr.“, Wiener Sitzungs-
707 2773 2284 2828 ber. XCIV. 673: „XII. kal. Febr.“). — „Iustis petentium desideriis“.
660 2820 2624 2888 12333 *Monasterium Alnense tuendum suscipit eiusque bona confirmat. Devillers Descr.
136 2795 322 2895 „ 21.
450 2804 536 2906 „
711 2884 1473 2941 anal. des cart. du Hainaut V. 3.
660 2928 2626 2998 12334 (8291) Henrico, archiepiscopo Remensi, mandat, „clericos, sive laicos, qui prio-
139 2921 322 3001 „ 21.
437 2939 541 3047 „
709 2985 2624 3054 ratus, ecclesias et alias possessiones, quae ad Cluniacense monasterium pertinent,
704 3045 2624 3104 locatas vel commendatas habeant sine assensu capituli Cluniacensis“, compellat, „ut
704 3098 2622 3157 eas Cluniacensi monasterio, si de possessionibus locatis, deductis expensis, perceperint,
709 3153 2622 3224 quod pro earum locatione dedissent, restituant“. Martene Coll. II. 999, Migne 200
707 3204 1486 3263 p. 967. — „Quanto Cluniacense“.
660 3257 2624 3323 12335 Priori et fratribus Cluniacensibus plausum dat, quod (Rodulfum) priorem quon-
143 3250 324 3343 „ 24.
433 3257 545 3334 „
709 3319 2624 3378 dam de Caritate „in magistrum pariter et abbatem“ elegerint. Cui ut obediant,
704 3369 2174 3438 hortatur. Loewenfeld Epistolae p. 143. — „Gratum nobis est“.
660 3420 2620 3491 12336 (8292) Henrico, archiepiscopo Remensi, mandat, compellat comitem Registeten-
143 3403 322 3502 „ 28.
450 3396 525 3509 „
711 3482 2618 3573 sem, ut abbati et monachis S. Remigii scholam castri restituat. Homines eiusdem
136 3515 709 3619 Leretavont Roman. Et. ae n.
2275 3537 2350 3632 35
890 167 1818 260 ALEXANDER III. 1159—1181.
2496 172 2626 267 273
