3007 3975
351 178 477 273 274
899 326 2808 426 1174. (Ind. 7. — 25. Sept. — 8, pont. a. 15. — 20. Sept. — 16, 1173. — 25. Mart. — 1174.)
976 415 2889 477 abbatis in Aisencella villa ab Anselmi de Possessa iniuriis defendat. Martene Coll.
976 463 2839 530 II. 999, Bouquet Rec. XV. 927, Migne 200 p. 967. — „Significavit nobis abbas“.
631 465 868 602 Anagplar
923 518 2887 594 12337 (8293) Henrico, archiepiscopo Remensi, mandat, abbatis S. Remigii homines,
366 472 594 594 tan. 29.
978 580 2889 644 Catalauni degentes, compellat, ut abbati solita servitia praestent. Martene Coll.
978 633 2841 702 II. 1000, Bouquet Rec. XV. 928, Migne 200 p. 968. — „Significatum est nobis“.
925 686 2892 750 12338 (8294) Henrico, archiepiscopo Remensi, mandat, compellat quosdam monasterii
406 684 587 761 „ 29.
709 691 795 764 „
976 748 2892 808 S. Remigii adversarios, ut damna monasterio importata sarciant, ablataque bona resti-
976 799 2889 867 tuant. Martene Coll. II. 1001, Bouquet Rec. XV. 928, Migne 200 p. 968. — „In-
974 854 1497 920 sinuatum est auribus“.
927 903 2889 971 12339 Ecclesiam S. Mariae Ovensem prope Bozanum tuendam suscipit, eiusque bona
404 889 585 980 „ 30.
704 918 795 980 „
972 967 2887 1031 ac privilegia confirmat. Bonelli Notizie istoriche III. 168. — „Religiosam vitam
972 1015 1263 1088 eligentibus“.
923 1073 2892 1135 12340 (8295) Ecclesiae S. Mariae Montisdesiderii protectionem suscipit, possessionesque
362 1033 587 1146 Pebr. 1.
704 1079 795 1152 „
972 1130 2887 1194 ac privilegia confirmat, petente Berengario priore. Bullar. Cluniac. p. 73, Migne 200
972 1185 1718 1249 p. 969. — „Suscepti regiminis“.
406 1227 583 1320 „ 10.
925 1230 2892 1300 12341 (8296) Sententiam, a Milone episcopo Taurinensi latam inter monachos et cano-
707 1236 793 1349 „
972 1294 2881 1358 nicos S. Ambrosii Mediolanenses, confirmat. Puricelli Ambr. bas. mon. p. 948. —
972 1340 1438 1406 „Significante nobis“.
925 1389 2887 1470 12342 (8297) Monasterii S. Mariae Liskensis protectionem suscipit, bonaque confirmat,
397 1371 583 1481 „ 12.
704 1366 793 1479 „
972 1461 2889 1534 petente Roberto abbate. Hugo O. P. A. II. Pr. p. 31, Migne 200 p. 971. — „Iustis
969 1508 1522 1583 religiosorum desideriis“.
921 1554 2889 1631 12343 (8298) Henrico, archiepiscopo Remensi, significat, se (Pontio), archiepiscopo Nar-
395 1552 583 1649 „ 14.
704 1559 786 1649 „
969 1625 2889 1684 bonensi, et A(delberto), episcopo Nemausensi, et R(aimundo) S. Mariae in via lata
969 1680 2889 1737 diacono cardinali mandasse, hortarentur (Raimundum) comitem Tolosanum, ut nunciis
972 1735 2887 1795 missis C(onstantiam) comitissam ad sese revocaret. Comitissam moneri vult, ut ac-
972 1795 2887 1859 ceptis nunciis ad virum revertatur. Martene Coll. II. 1003, Bouquet Rec. XV. 942,
972 1837 1928 1912 Migne 200 p. 972. — „Referente nobis“.
921 1885 2887 1961 12344 (8299) Henrico, archiepiscopo Remensi, affirmat, F. parrochianum eius de eo in
393 1832 581 1969 „ 22.
709 1824 786 2025 „
969 1949 2887 2022 curia sua non detraxisse, hortaturque eum, ne indignationem adversus illum con-
969 2002 2775 2069 cipiat. Martene Coll. II. 1004, Migne 200 p. 973. — „Lator praesentium P.“
919 2062 2885 2126 12345 Abbati et conventui S. Crucis de Edenesburch asserit ecclesiam Botheldunensem,
399 2055 583 2135 „ 23.
702 2014 788 2142 „
969 2117 2885 2181 „de auctoritate R(ichardi) episcopi S. Andreae et assensu W. de Veteri-ponte, domini
969 2168 2845 2241 fundi“, eis collatam. Liber cartarum S. Crucis p. 173. — „Quoniam tenemur iustis“.
923 2221 2887 2296 12346 (8300) Ecclesiam S. Petri Autissiodorensem, a Willelmo episcopo ex decanatu
397 2217 581 2298 „ 25.
702 2228 790 2298 „
969 2283 2883 2347 in abbatiam mutatam, confirmat. Ecclesiam de Venosa ei asserit. Gall. Chr. XII. Instr.
969 2334 2026 2402 p. 134, Migne 200 p. 973. — „Ea, quae ad“.
921 2385 2889 2460 12347 (8301) Henrico, archiepiscopo Remensi, mandat, cogat G. de Aspero-monte, ut
402 2378 581 2462 „ 28.
707 2393 788 2475 „
969 2444 2883 2513 ablata monasterio Gorziensi restituat. Martene Coll. II. 1004, Bouquet Rec. XV. 929,
974 2497 1968 2561 Migne 200 p. 974. — „Dilecti filii abbas“.
362 2499 581 2632 Nart. 1.
919 2548 2885 2619 12348 Abbati et fratribus S. Remigii Remensis litteras dat. Neues Archiv VII. 102.
707 2555 782 2650 „
969 2605 1453 2676 — „Cum circa nos“.
921 2656 2885 2731 12349 (8302) Ecclesiam Capuanum, petente Alfano archiepiscopo, tuendam suscipit,
395 2643 581 2736 „ 1.
709 2645 788 2784 „
969 2720 2885 2791 eiusque privilegia et possessiones confirmat. Ughelli It. sacr. VI. 327, Migne 200
1904 2778 2026 2842 „
978 2782 1745 2844 p. 974. — „Cum ex iniuncto“.
921 2817 2887 2892 12350 (8303) Henrici, archiepiscopi Remensis, tutelae commendat monasterium Mauri-
391 2797 583 2919 „ 1.
707 2837 797 2928 „
969 2879 2885 2954 montense. Martene Coll. II. 1005, Migne 200 p. 976. — „Cum ecclesia Mauri-
967 2941 1239 3007 montensis“.
925 2981 2885 3062 12351 Parthenonis S. Andreae Viennensis tutelam suscipit, possessionesque et privi-
395 2981 581 3078 „ 4.
707 2932 793 3071 „
974 3045 2883 3111 legia confirmat, petente Iuliana abbatissa. Charvet L'abbaye de S. André-le-haut de
978 3107 2881 3180 Vienne p. 211: „IIII. non. Mart.“, Gall. Chr. XVI. Instr. p. 37: „III. non. Mart.“.
974 3166 1509 3228 — „Virginibus sacris“.
925 3204 2883 3277 12352 (8304) Henrico, archiepiscopo Remensi, mandat, ut monasterio Maurimontensi
397 3206 583 3286 „ 6.
709 3199 795 3297 „
976 3268 2878 3334 illata ab adversariis damna intra triginta dies sarciri iubeat. Martene Coll. II. 1006,
974 3316 2607 3383 Bouquet Rec. XV. 930, Migne 200 p. 977. — „Conquerentibus nobis“.
925 3374 2883 3440 12353 (8305) Henrico, archiepiscopo Remensi, mandat, cogat abbatis S. Remigii adver-
397 3369 587 3597 „
693 3378 808 3597 „
976 3433 2878 3511 sarios, ut ei de illatis iniuriis satisfaciant. Martene Coll. II. 1006, Bouquet Rec.
978 3486 2271 3588 XV. 930. Migne 200 p. 977. — „Dilectus filius noster“.
1159 176 2081 273 ALEXANDER III. 1159—1181.
