3007 3975
647 318 2565 408 1174. (Ind. 7. — 25. Sept. — 8, pont. a. 15. — 20. Sept. — 16, 1173. — 25. Mart. — 1174.)
676 399 2646 461 12354 (8306) Henricum, archiepiscum Remensem, hortatur, ut O. civem Laudunensem
388 377 620 514 Anagnine
125 377 346 512 Mart 16.
733 457 2646 518 in gratiam recipiat. Martene Coll. II. 1007, Migne 200 p. 978. — „Pontificalis officii
729 518 961 578 dignitas“.
682 556 2646 631 12355 (8307) Henrico, archiepiscopo Remensi, mandat, ut Galterum presbyterum capellae
163 556 342 642 „ 15.
463 556 556 627 „
733 620 2642 691 leprosorum Sparnacensium praeficiat. („XVIII. kal. Apr.“) Martene Coll. II. 1008,
731 675 1877 735 Migne 200 p. 978. — „Audita olim conquestione“.
682 726 2646 792 12356 (Alexandro), abbati Aquicinctensi altaria de Visiaco et de Nigella iuxta Lensum
167 713 342 845 „ 18.
468 715 554 786 „
729 783 2359 852 asserit. Pflugk-Harttung Acta I. 254. — „Iustis petentium desideriis“.
680 839 2646 905 12357 Maioris-monasterii protectionem suscipit, bonaque et privilegia confirmat, petente
163 830 340 909 „ 18.
470 836 563 909 „
733 894 2646 956 Roberto abbate. In bibl. nat. Paris. ms. lat. 12879. (Hist. de Marmoutiers auctore
731 951 1950 1007 Martenio) f. 157. — „Quanto monasterium vestrum“.
682 1000 2644 1073 12358 (8308) Henrico, archiepiscopo Remensi, et (Desiderio), episcopo Morinensi, mandat,
161 989 342 1077 „ 21.
466 991 561 1071 „
731 1062 2644 1126 ne de fratrum Cisterciensium Clari-marisci „novalibus et nutrimentis animalium de-
731 1115 2644 1190 cimas exigi“ patiantur. Martene Coll. II. 1009, Bouquet Rec. XV. 931, Migne 200
731 1172 1478 1236 p. 979. — „Non ignorat, sicut“.
457 1210 558 1360 („)
682 1219 2646 1285 12359 Desiderio episcopo Morinensi scribit de decimis (a fratribus Clari-marisci) non
143 1210 236 1351 („)
731 1285 2646 1349 exigendis. (Fragmentum.) Henriquez Fasciculus sanctorum ord. Cist. I. 39. — „In
733 1342 1168 1402 veteri testamento“.
678 1375 2644 1455 12360 (8309) Henrico, archiepiscopo Remensi, mandat, compellat Guarinum de Cherchi,
154 1355 340 1455 „ 23.
468 1366 556 1499 „
731 1446 2642 1512 ut fratribus S. Martini Laudunensis illata damna reconcinnet. Martene Coll. II. 1009,
733 1503 1791 1559 Migne 200 p. 979. — „Querelam abbatis et“.
156 1517 335 1623 „ 29.
680 1543 2642 1620 12361 Monasterii Clusini possessiones iuraque confirmat, petente Benedicto abbate.
466 1537 554 1638 „
729 1601 1928 1678 Pflugk-Harttung Iter p. 275. — „Desiderium quod“.
125 1647 340 1775 Apr. 1.
680 1658 2644 1731 12362 (8310) Transactionem factam inter Guichardum, archiepiscopum Lugdunensem,
461 1643 561 1773 „
731 1726 2644 1782 apostolicae sedis legatum, et Guigonem, comitem Forensem, confirmat. Lamure Hist.
729 1775 2642 1843 eccl. de Lyon p. 308, Menestrier Hist. de Lyon, Preuv. p. 37, Bouquet Rec. XV. 942,
731 1830 2638 1894 Migne 200 p. 980. (Integrum transactionis instrumentum bullae insertum est.) —
731 1883 1389 1945 „Cum ecclesia Lugdunensis“.
678 1932 2644 2000 12363 Monasterii S. Petri Landolinensis possessiones confirmat, petente Attone abbate.
156 1923 346 2000 „ 3?
468 1932 550 2002 „
729 1994 1864 2053 Pflugk-Harttung Iter p. 275. — „Quotiens illud“.
678 2044 2644 2113 12364 (8311) Monasterii S. Mariae Novigentensis patrocinium suscipit, possessionesque
159 2031 338 2133 „ 4.
461 2031 558 2168 „
729 2108 2642 2170 et privilegia confirmat, petente lohanne abbate. Autogr. in bibl. nat. Paris. Coll.
724 2150 2635 2221 Grenier t. 291. n. 18, (Du Plessis Hist. de Coucy p. 143, Migne 200 p. 985). —
726 2217 1444 2281 „Religiosam vitam eligentibus“.
673 2261 2642 2332 Ricardum archiepiscopum Cantuariensem consecrat, „dominica post pascha, qua canitur
156 2250 340 2334 „ 7.
463 2232 556 2343 „
731 2325 2642 2385 Misericordias domini“, Gervasii Chronica ap. Twysden H. A. SS. I. 1426, Opp. hist.
726 2371 2642 2440 ed. Stubbs I. 247. (Consecrationem non Romae, ut falso refert Gervasius, sed Anagniae
722 2426 2640 2504 factam esse, exploratum est; cf. Radulf. de Diceto Im. Hist. ap. Twysden p. 579 — 580,
724 2491 1173 2546 ed. Stubbs I. 388.)
156 2524 340 2619 „ 9.
446 2528 552 2612 („)
678 2528 2642 2614 „die tertia“ Ricardo, archiepiscopo Cantuariensi, pallium tribuit. Ep. Regin. electi
731 2599 2591 2663 Bathon. in Gestis Henrici, olim Benedict. Petrob. tributis, 1174 ed. Stubbs I. 70.
132 2630 243 2729 („)
450 2632 558 2733 („)
678 2652 2638 2718 12365 (8312) Ricardo, archiepiscopo Cantuariensi, et eius successoribus primatum
729 2709 2640 2773 Angliae asserit. Radulf. de Diceto Imag. Hist. ap. Twysden H. A. SS. I. 580, ed.
722 2764 2065 2831 Stubbs I. 390, (Migne 200 p. 985). — „Intuitu caritatis“.
455 2806 558 2881 („)
680 2813 2642 2879 12366 (8313) Lupo, regi Valentiae, scribit ita: „Cum omnes unum Deum patrem habea-
132 2809 240 2886 („)
729 2875 2642 2930 mus in coelis, ipsum solum totis visceribus colere debes, qui tantam tibi super Sara-
724 2930 2640 2990 cenorum gentes et regna contulit potestatem“. Haec addit: „Cum autem omnes liberos
724 2987 2640 3040 natura creasset, nullus conditione naturae fuit subditus servituti“. (Ricardum) archi-
726 3038 2638 3098 episcopum Cantuariensem „assumptum esse ad tutamen Anglorum“, significat. (Frag-
726 3093 2638 3153 mentum.) Radulf. de Diceto Imag. Hist. ap. Twysden H. A. SS. I. 580, ed. Stubbs
726 3153 1471 3202 I. 390. — „Cum omnes unum“.
678 3193 2638 3268 12367 (8314) (lohanni) electo Cicestriensi significat, se R(icardo), archiepiscopo Can-
450 3171 563 3292 („)
134 3168 243 3325 („)
724 3252 2633 3319 tuariensi, apostolicae sedis legato, mandasse, „ut pro eo, quod canonici filius dicatur,
726 3305 2635 3367 in promotione eius procedere non postponat“. App. conc. Lat. XL. 3, Coll. Lips.
726 3356 2633 3429 XXXI. 9, Coll. Cass. XL. 7, Coll. Bamb. XXXI. 7, Comp. I. L. 1. t. 12. c. 3, Decr.
722 3409 1895 3480 Greg. L. I. t. 20. c. 2. — „Cum de tua electione“.
669 3462 2633 3575 12368 (8618) Ecclesiae S. Richaelis et S. Gudilae Bruxellensis protectionem suscipit.
466 3464 554 3557 „
159 3464 342 3597 „ 9.
2258 3531 2353 3623 35*
914 161 1838 253 ALEXANDER III. 1159—1181.
2520 178 2649 271 275
