3007 3975
340 176 466 271 276
883 326 2799 421 1174. (Ind. 7. — 25. Sept. — 5, pont. a. 15. — 20. Sept. — 16, 1173. — 25. Mart. — 1174.)
965 406 2878 481 possessionesque et privilegia confirmat, petente Godescalco decano. Compte rendu
969 470 2881 527 de la com. roy. de Belgique IV. sér. VII. p. 359, (Miraei Opp. dipl. II. 179, Migne
969 518 2876 578 200 p. 1189. Cf. Wauters Tabl. chron. II. 545). — „Effectum iusta postulantibus“.
362 547 585 647 Apr. 17.
614 521 855 702 Aagna.
914 576 2881 653 12369 (8315) Archiepiscopis, episcopis, abbatibus et aliis ecclesiarum praelatis et uni-
969 622 2878 693 versis tam clericis quam laicis per regnum Francorum constitutis commendat P(etrum)
965 693 2881 748 tit. S. Chrysogoni presbyterum cardinalem, „pro quibusdam magnis et arduis negotiis
965 744 2881 799 specialiter et praecipue ad partes eorum destinatum“. (Pro „VV. kal. Maii“ legen-
965 799 2878 863 dum est „XV. kal. Maii“.) Duchesne H. Fr. SS. IV. 564, Bouquet Rec. XV. 944,
963 843 2476 918 (Mansi XXI. 967, Migne 200 p. 986). — „Cum simus evidenter“.
914 903 2878 967 12370 (8316) Henrico, archiepiscopo Remensi, mandat, hortetur Ludovicum Francorum
393 863 572 995 „ 19.
691 898 784 998 „
967 958 2878 1020 regem, „ut reformationi pacis inter ecclesiam et imperium iuxta commonitorium
965 1013 2881 1079 P(etri) tit. Chrysogoni presbyteri cardinalis, quem ad eundem regem dirigit, ferventer
965 1068 2878 1137 intendat, et in verbo pacis procedat; ad habendam quoque pacem cum Henrico,
963 1126 2878 1190 Anglorum rege, quantum, salvo honore suo, poterit, animum suum clementer intendat,
963 1183 2878 1241 quia timendum sit, ne si inter eosdem reges diutius guerra duraverit, utriusque regno
961 1234 2881 1294 dispendia rerum et pericula proveniant personarum et orientalis terra exponatur
961 1285 2878 1353 direptioni paganorum“. Martene Coll. II. 969, Bouquet Rec. XV. 945, Migne 200
963 1340 1681 1408 p. 987. — „Cum in omnibus“.
912 1393 2881 1461 12371 (8317) Parthenonis S. Georgii in Carinthia protectionem suscipit, possessiones-
384 1371 570 1466 „ 22.
700 1373 779 1466 „
961 1453 2878 1519 que ac privilegia confirmat, petente Berta abbatissa. Archiy für Kunde österr.
961 1508 2635 1567 Gesch.-Qu. XI. 307, Zahn Urk. v. Steiermark I. 529. — „Officii nostri“.
912 1567 2881 1634 12372 Monasterium S. Felicis Aquileiense tuendum suscipit, eiusque bona et privilegia
388 1545 572 1640 „ 27.
702 1548 779 1662 „
961 1616 2459 1687 confirmat. Wiener Sitzungsber. XCIV. 672. — „Ad hoc sumus“.
353 1643 572 1786 Mai. 2.
910 1671 2878 1737 12373 Monasterii S. Vincentii Laudunensis tutelam suscipit, possessionesque et iura
689 1645 786 1799 „
961 1729 2878 1793 confirmat, petente Gualtero abbate. Ex archetypo in bibl. nat. Paris. Coll. Grenier
963 1788 2876 1846 t. 286 misit Delisle. (Copiae modernae in Coll. Grenier t. 255. f. 286 et t. 257.
961 1830 1674 1896 f. 263.) — „Religiosam vitam“.
910 1881 2876 1954 12374 Ecclesiae S. Petri Laudunensis tutelam suscipit, possessionesque confirmat. In
386 1883 572 1965 „ 3.
709 1901 775 1965 „
961 1941 2876 2007 bibl. nat. Paris. Coll. Grenier t. 257. f. 264“ et t. 267. f. 264. — „Quoties illud a“.
912 2007 2876 2064 12375 *Pagano, abbati Neritonensi, scribit, se iudicium inter eum et Theodorum, epi-
684 1985 788 2084 („)
380 2000 565 2071 „ 5.
961 2053 2876 2120 scopum Callipolitanum, latum a Bertrando, archiepiscopo Tranensi, et Palmerio, abbate
963 2115 2560 2173 S. Stephani Monopolitano, confirmasse. D'Avino Cenni storici p. 437.
912 2164 2878 2237 12376 *Clero et populo Neritonensi ac baronibus de eadem re scribit. DAvino Cenni
682 2150 788 2259 („)
384 2150 570 2239 „ 5.
961 2226 1307 2281 storici p. 437.
912 2267 2874 2345 12377 (8253) Rotrodum, archiepiscopum Rotomagensem, „de variis bellorum eventibus,
388 2256 567 2380 „11.
691 2272 782 2389 „
963 2334 2876 2391 de scandalo regum et terrae dolentem“, animo forti esse iubet. Mandat, ut „ad
961 2391 2876 2449 reformationem pacis inter reges diligenter intendat, et excessus episcoporum, deca-
961 2444 2874 2504 norum, archidiaconorum, tam clericorum quam laicorum solita pontificali severitate
961 2493 2876 2559 corrigat“. Alia praecepta addit. Interdicit, ne „pallium suum alii metropolitano
963 2550 2876 2612 commodet, si contingat ipsum sine pallio ad ecclesiam Rotomagensem in aliqua prae-
963 2605 2874 2672 cipua sollemnitate venire; cum pallium“ inquit „tuam personam non transeat, sed
963 2665 2872 2729 quisquam cum eo debeat sepeliri“. Bessin Conc. Rot. II. 31, Bouquet Rec. XV. 945,
961 2718 2417 2775 Mansi XXI. 1071, Migne 200 p. 943. — „Etsi periculosa sint“.
908 2767 2876 2837 12378 (8318) Universos suffraganeos ecclesiae Cantuariensis hortatur, ut „si episcopatus
388 2753 572 2850 „ 14.
693 2778 775 2886 „
963 2831 2874 2888 su0s, aut archidiaconi eorum archidiaconatus suos apostolicae protectioni subiiciant
963 2886 2876 2941 et ad audientiam ipsius appellent, propter hoc (Ricardum), archiepiscopum Cantua-
961 2934 2874 2996 riensem, apostolicae sedis legatum, nullatenus impediant, quominus de causis sub-
961 2994 2874 3056 ditorum eorum cognoscere valeat, et ipsos punire“. Epist. S. Thomae ed. Lupus
963 3047 2872 3109 p. 41, ed. Giles II. 40, Migne 200 p. 987, (App. conc. Lat. X. 24, Coll. Lips. XLVII.
963 3100 2867 3164 23, Coll. Cass. LI. 22, Coll. Bamb. XLII. 21, Comp. I. L. 2. t. 20. c. 24). —
967 3160 1674 3219 „Significavit nobis venerabilis“.
912 3206 2872 3272 12379 (8319) Monasterii S. Andreae (Arvernensis) protectionem suscipit, possessiones-
391 3175 572 3281 „ 15.
698 3195 779 3281 „
965 3270 2872 3334 que ac privilegia confirmat, petente Gualterio priore. Hugo O. P. A. I. Pr. p. 145,
963 3319 2585 3378 Mon. pont. Arverniae p. 294, Migne 200 p. 988. — „Quoties illud a“.
914 3365 2870 3433 12380 Monasterium Fiscanense tuendum suscipit, ac bona eius et privilegia confirmat,
393 3361 574 3484 „ 30.
695 3367 782 3484 „
967 3431 2870 3511 petente Henrico abbate. In bibl. nat. Paris. Coll. Moreau t. 341. f. 67, (Neues
967 3480 1928 3588 Arcbir VII. 104). — „Licet ex iniuncto“.
1148 174 2076 271 ALEXANDER III. 1159—1181.
