3007 3975
645 329 2562 417 1174. (Ind. 7. — 25. Sept. — 8, pont. a. 15. — 20. Sept. — 16, 1173. — 25. Mart. — 1174.)
121 399 344 494 Mai. 26.
377 397 612 536 Anagniae
676 404 2646 483 12381 *Canonicorum S. Stephani Aquileiensium bona confirmat. Wiener Sitzungsber.
729 468 1014 530 XCIV. 672.
121 518 338 600 lun. 2.
455 552 543 655 „
678 510 2646 598 12382 (Adalbertum) archiepiscopum Salaburgensem reprehendit, „quod malefactores
729 578 2649 642 illos, qui Ch(onradi) Maguntini archiepiscopi, apostolicae sedis legati, casalia incendio
731 638 2646 697 vastassent, iuxta tenorem mandati sui nondum excommunicatos denunciaverit“, idque
731 693 2646 757 „omni dilatione, contradictione et appellatione cessante“ fieri iterum iubet. Arch.
729 748 2646 812 f. Kunde österr. Gesch.-Qu. VI. 303. (Meiller Reg. arch. Salisb. p. 124 anno 1173
724 792 2646 863 epistolam ascribit, quem sequitur Will Reg. arch. Mag. II. 13. n. 72.) — „Cum
729 863 1031 920 tenearis ex“.
154 894 338 987 „ 10.
459 901 552 984 „
678 894 2649 969 12383 (8320) Monasterium S. Mariae Luffeldense tuendum suscipit et eius possessiones
731 971 2646 1031 iuraque confirmat, petente Radulfo priore. Monast. Anglic. I. 521, nov. ed. IV. 348,
729 1013 1727 1079 Migne 200 p. 989. — „Religiosam vitam“.
156 1062 340 1146 „ 25.
459 1082 556 1141 „
682 1066 2646 1143 12384 (Theobaldum) episcopum Placentinum reprehendit, quod sine consensu capituli,
731 1121 2646 1190 nullis ibidem vacantibus praebendis, novos canonicos nominasset. Wiener Sitzungsber.
729 1179 2646 1249 XCIV. 672: ex autographo, quod in clausula praebere: „VII. kal. Iul., pont. nostri
724 1232 2646 1302 a. XV.“ mecum communicat Kaltenbrunner v. d. Puto igitur, aut pergamenum in
726 1296 2651 1353 archivo cathedralis Placentinae asservatum non esse autographum aut pontificatus
726 1344 2222 1411 annos aliena manu additos esse. — „Petitio dilectorum filiorum“.
156 1397 338 1470 „ 28.
461 1404 556 1472 „
678 1391 2644 1470 12385 Monasterii S. Salvatoris Legerensis, rogatu Eximini abbatis, protectionem suscipit,
729 1450 2646 1525 bona confirmat, privilegia auget, imposito unius unciae auri tributo annuo. Neues
729 1510 1522 1572 Archiv VI. 343. — „Ideo sumus“.
156 1565 338 1640 „ 30.
461 1563 556 1634 „
678 1570 2649 1631 12386 (8321) Monasterium Stokes-Clarense tuendum suscipit et eius possessiones pri-
731 1627 2649 1689 vilegiaque confirmat, petente Nicolao priore. Monast. Angl. I. 1010, nov. ed. VIII.
729 1673 1922 1737 1661, Migne 200 p. 990. — „Religiosis desideriis“.
123 1724 340 1810 Iul. 17.
463 1740 558 1810 „
678 1726 2649 1799 12387 (8322) Monasterii S. Mariae et S. Martini Chorensis protectionem suscipit, et
733 1784 2644 1859 bona ac privilegia confirmat, petente Basilio abbate. Mabillon Ann. ord. Ben. VI. 722,
731 1848 1979 1903 Migne 200 p. 992. — „Religiosam vitam eligentibus“.
159 1890 338 1974 „ 26.
461 1888 556 2014 „
678 1890 2646 1965 12388 (8323) Ecclesiae S. Salvatoris in castro S. Pauli sitae protectionem suscipit,
729 1954 2649 2018 bonaque confirmat. (Signa chronologica sunt corrupta.) Miraei Opp. dipl. IV. 27.
731 2005 1365 2075 — „Quoties a nobis illud“.
125 2053 340 2137 Aug. 3.
461 2078 554 2142 „
680 2055 2649 2135 12389 (8324) Ecclesiae S. Martini Turonensis privilegia confirmat. (Fragmentum.)
731 2122 2377 2179 Launoii Opp. III. II. 67, (Migne 200 p. 994). — „Cum ecclesia beati“.
119 2161 338 2245 Sept. 8.
448 2170 561 2298 „
678 2166 2649 2243 12390 (8325) Chunrado, archiepiscopo Moguntino, apostolicae sedis legato, scribit,
729 2226 2646 2294 (Henricum) episcopum Gurcensem una cum Richero, quem Ratisbonae episcopum
733 2283 2646 2351 Brixinensem illicite consecrasset, episcopatum Salzburgensem, Adalberto abrogatum,
731 2336 2649 2400 ad (Heinricum) praepositum Berchtesgadensem detulisse. Quod facinus irritum de-
731 2400 2651 2455 nunciet. Mandat, ut utrumque episcopum et praepositum, clerum populumque Salz-
733 2444 2651 2510 burgensem ad Adalberti obedientiam revocet. Chron. Magni presb. 1174 in MG. SS.
729 2499 2017 2563 XVII. 499, (Migne 200 p. 994). — „Quanto fidem et“.
156 2535 338 2627 „ 8.
457 2539 567 2632 „
680 2557 2649 2623 12391 (8326) Sibotonem praepositum et clerum ecclesiae Salzburgensis, ut ad Adalberti
729 2608 2646 2678 obedientiam revertantur, monet. Chron. Magni presb. 1174 in MG. SS. XVII. 500,
729 2672 1807 2727 (Migne 200 p. 996). — „Audivimus non sine“.
156 2696 340 2786 „ 8.
446 2711 565 2793 „
678 2725 2651 2784 12392 (8327) Adalbertum, archiepiscopum Salzburgensem, ne animo cadat, hortatur.
731 2780 2646 2837 De superioribus epistolis certiorem facit. Chron. Magni presb. 1174 in MG. SS.
731 2831 2087 2901 XVII. 499, (Migne 200 p. 997). — „Audito et intellecto“.
119 2877 338 2983 Oct. S.
463 2892 561 2959 „
682 2892 2651 2950 12393 Monasterii S. Petri Gandensis sive Blandiniensis protectionem suscipit, bonaque
731 2945 2646 3005 et privilegia confirmat, petente Hugone abbate. (Pro 1164 leg. 1174.) Lokeren
729 2992 2129 3065 S. Pierre à Gand p. 167. — „Religiosam vitam eligentibus“.
159 3032 340 3140 „ 25.
386 3016 618 3173 Ferenaini
678 3045 2649 3118 12394 Monachis Passinianensibus scribit, se commendasse abbati Vallumbrosano, ut
731 3111 2651 3168 eorum monasterium tamquam unum de maioribus suae congregationis propensius
731 3168 2649 3230 diligat. Monet, ut eidem abbati debitam reverentiam exhibeant. Wiener Sitzungsber.
733 3210 1372 3286 XCIV. 672. — „Cum nos“.
161 3259 335 3365 „ 28.
459 3259 570 3363 „
678 3266 2651 3332 12395 (8328) Ecclesiae Parisiensis „libertates et antiquas et rationabiles consuetudines“
731 3323 2646 3387 confirmat. B. decano et capitulo concedit, „ne de aliqua praebendarum, quas mona-
731 3376 2646 3447 steria vel ecclesiae quaedam habeant in ecclesia eorum, quamlibet personam cano-
731 3436 2644 3522 nicare cogantur“. Mansi XXI. 1058, Collection des Cartulaires V. 388, Migne 200
735 3486 1451 3595 p. 99S. — „Quanto fervorem“.
905 172 1831 265 ALEXANDER III. 1159— 1181.
2512 183 2640 269 277
