3007 3975
331 192 459 276 278
883 326 2797 432 1174. (Ind. 7. — 25. Sept. — S., pont. a. 15. — 20. Sept. — 16. 1173. — 25. Mart. — 1174.)
349 399 576 514 Oct. 28.
616 401 846 521 Ferentini
912 412 2876 485 12396 (8330) Decano et capitulo Parisiensi concedit, ut beneficia Roberto de Beelei,
965 474 2876 532 vicario b. Petri Fossatensis, et magistro Mainerio concessa post horum obitum reci-
963 530 2876 594 piant. Collection des Cartulaires V. 392: „V. kal. Nov.“, (Mansi XXI. 1059, Migne
965 576 2874 653 200 p. 999 perperam praebent: „V. id. Nov.“. Sane „V. kal. Nov.“ legendum esse,
961 631 2752 700 patet ex Autogr. in Tab. nat. Paris. L. 230. n. 10.) — „Iustitia postulat et“.
393 675 572 768 „ 29.
695 691 793 777 „
914 689 2876 755 12397 (8329) Petro, tit. S. Chrysogoni presbytero cardinali, apostolicae sedis legato,
961 750 2881 814 mandat, ut „habito consilio cum Willelmo, Senonensi archiepiscopo, apostolicae sedis
963 803 2878 863 legato, et H(enrico), archiepiscopo Remensi, super regimine scolarum Parisiensium
965 859 2876 920 quod ei visum fuerit, ita quod personam magistri Petri, cancellarii Parisiensis, non
963 905 2881 973 excedat quod exinde fecerit, circumspecta diligentia prorideat; eam cautelam adhibi-
961 967 2881 1026 turus, quod illi, qui scolas rexerint, non debeant immoderate gravari“. Duchesne
961 1015 2878 1088 H. Fr. SS. IV. 566, Bouquet Rec. XV. 951, Mansi XXI. 971 et 1058, Migne 200
963 1075 1745 1139 p. 998. — „Licet mandaverimus“.
355 1066 572 1203 Nonr. 19.
695 1066 795 1203 „
914 1124 2881 1196 12398 (8331) Canonicorum Pistoriensium disciplinam regularem, possessiones, privilegia,
963 1181 2881 1258 petente Heudino praeposito confirmat. (Fragmentum.) Zacharia Anecd. med. aev.
963 1236 1601 1307 p. 232, Migne 200 p. 999.
386 1291 572 1373 „ 19.
689 1296 790 1402 „
914 1296 2883 1364 12399 Domus hospitalis Umbricellensis, a canonicis Pistoriensibus fundatae, tutelam
963 1344 2883 1424 suscipit, bonaque et privilegia confirmat. Wiener Sitzungsber. XCIV. 672. — „Desi-
961 1406 1303 1472 derium quod“.
353 1400 572 1539 DOar. 16.
700 1461 784 1565 „
914 1450 2881 1525 12400 (Richardo) abbati de lodeguerth et aliis abbatibus in patrimonio B. Kentegerni
963 1517 2878 1578 (i. e. in episcopatu Glasguensi) constitutis significat, cognovisse se ex litteris W(il-
963 1574 2878 1636 lelmi) Scotorum regis aliorumque, H(ocelinum) Mailrosensem abbatem in episcopum
963 1629 2878 1687 Glasguensem electum esse. Praecipit, ut, si ad sese venire nequiverit, eum con-
961 1673 2881 1746 secrent ac obedientiam ei exhibeant. Registrum ep. Glasg. I. 33, Haddan and Stubbs
961 1733 2001 1795 Councils II. I. 39. — „Ex litteris karissimi“.
391 1729 567 1872 „ „„.
695 1793 782 1892 „
914 1782 2881 1863 12401 (Gilberto) Londoniensi et (Rogero) Wigorniensi episcopis mandat, „si con-
965 1837 2876 1908 stiterit, quod R(obertus) electus Malmesburiensis se fecerit ab alio (quam ab epi-
967 1903 2876 1967 scopo Sarisberiensi) benedici, privilegio Romanae ecclesiae munitus“, ne“ ipsum vel
963 1958 2878 2018 episcopum, qui benedixerit, ob hoc inquietari sinant. Monasterii censum, b. Petro
961 2011 2878 2071 debitum, abbati S. Germani Parisiensi assignari vult. Registrum Malmesbur. I. 371.
961 2069 1577 2133 — „Relatum est auribus“.
386 2049 572 2190 „ „
689 2117 784 2188 „
916 2108 2878 2186 12402 Nicolao, priori ecclesiae S. Petri ad aram Neapolitanae, et eius successoribus, ut
967 2168 2881 2241 „benedictionem sicut moris sit exhibeant“, concedit, petente Iohanne presbytero car-
961 2226 2876 2294 dinali tit. S. Anastasiae, illius ecclesiae S. Petri conditore. Penotti Ord. cleric. canon.
961 2279 2364 2345 hist. ed. Rom. p. 667, ed. Colon. p. 687. — „Cum dilectus“.
353 2292 574 2407 Dee. 30.
689 2338 786 2424 „
916 2327 2876 2407 12403 (8332) Monasterium b. Mariae Monteregalense, a Willelmo Siciliae rege con-
965 2389 2876 2457 strui coeptum, a cuiusvis praeterquam Romani pontificis potestate eximit ac prae-
963 2449 2876 2513 cipuis privilegiis ornat. Margarini Bull. Cas. II. 186, Del Giudice Notizie di Morreale
961 2508 2293 2572 Priv. p. 34, Migne 200 p. 1000. — „Ex debito suscepti“.
391 2535 572 2625 „ 30.
682 2544 779 2623 „
914 2548 2876 2623 12404 (8333) Monasterium S. Michaelis in Monte caveoso tuendum suscipit, eiusque
965 2614 2876 2680 possessiones et privilegia confirmat, petente Zacharia notario regio. Margarini Bull.
963 2676 2567 2731 Cas. II. 188, Tansius Hist. Montis Caveosi p. 163. — „Si quando a“.
914 2722 2878 2786 12405 (8334) Marsilio abbati et fratribus Carae-Insulae, qui „a duobus locis minus
963 2778 2874 2842 congruis ad congruum et aptissimum locum, qui Om vocatur, monasterium transtu-
963 2833 2874 2908 lerant“, eadem duo loca asserit. Langebek SS. R. Dan. V. 248, Migne 200 p. 1004.
967 2890 1654 2965 — „Ad audientiam nostram“.
879 2994 1215 3074 1159—1175.
353 3045 576 3246 „ „
614 3021 852 3239 „„„
914 3091 2876 3171 12406 Priori et fratribus S. Stephani de Nemore concedit, „ut si aliqui eorum, qui vel
963 3157 2872 3226 sepulchrum Domini vel limina beati lacobi aut aliqua religiosa loca visitare teneantur,
967 3213 2874 3274 in ecclesia eorum voluerint habitum religionis suscipere et iis militare, eosdem dum-
965 3274 2872 3339 modo liberi sint, ad conversationem suam recipiant“. Tromby Stor. Cart. IV. app.
963 3321 1716 3385 p. 137. — „Cum quidam sicut“.
492 3378 578 3526 *
684 3372 799 3520 („)
916 3372 2872 3451 12407 *Episcopis quibusdam ecclesias monasterii S. Bertini protegendas commendat.
972 3427 2870 3522 Vide lohannis Longi chron. S. Bertini in MG. SS. XXV. 814. (In clausula „Anagniae“
965 3491 1391 3595 excidisse videtur.)
1142 178 2070 271 ALEXANDER III. 1159—1181.
