3007 3975
640 318 972 390 1159—1175.
112 377 338 481 Dec. 11.
371 375 609 474 Anagniae
671 393 2642 465 12408 Galando abbati S. Auberti Cameracensi privilegium dat. Neues Archiv VII. 102.
724 448 1100 521 — „Qui iustis“.
640 552 967 624 1161—1175.
97 613 335 722 Ans. Sept.
377 611 605 724 Ferentini
669 616 2642 708 12409 S(yro) archiepiscopo et consulibus lanuensibus. („Dat. Xmrrr. id. Sept.“) paugt-
720 697 1612 764 Harttung Iter p. 275. — „Super illo“.
110 728 331 861 Sept. 10.
463 783 543 859 „
669 737 2642 817 12410 Fratribus S. Acheoli concessam in ecclesia S. Firmini praebendam confirmat.
722 812 2006 876 Neues Archiv IV. 352. — „Iustis petentium desideriis“.
461 865 550 969 „
669 852 2638 936 12411 (8863. 8877) Archiepiscopo Cantuariensi de iudicibus delegatis ac de remissio-
724 927 2635 987 nibus, „quae fiunt in dedicationibus ecclesiarum“, respondet. App. conc. Lat. X. 27,
720 965 2638 1040 XXXV. 4, Coll. Lips. XLVII. 36, Coll. Cass. LI. 33, Coll. Bamb. XLII. 33, Comp. I.
715 1035 2633 1088 I. 2. t. 1. c. 3, I. 2. t. 20. c. 36, I. 5. t. 33. c. 3, Decr. Greg. L. V. t. 38. c. 4. —
720 1079 2633 1143 — „In eminenti“ „Nos in eminenti“ „Quia vero inimicitia“ „Quod autem consuluisti“.
457 1161 545 1241 „
669 1137 2638 1205 12412 (8335) Abbatibus et fratribus monasteriorum Cisterciensis ordinis in Anglia
718 1194 2635 1258 interdicit, ne „iura patronatus in ecclesiis, aut ecclesias acquirant“. Gilberti Foliot
718 1252 2635 1316 Ep. ed. Giles II. 106, App. conc. Lat. XV. 10, Coll. Cass. LIII. 8, Coll. Bamb. XLV. 8,
713 1296 2445 1400 Comp. I. I. 3. t. 33. c. 14, Migne 200 p. 1004. — „Relatum est auribus“.
634 1380 972 1495 1162— 1175.
106 1459 324 1616 fan. 3.
662 1488 2635 1559 12413 (8336) Quibusdam mandat, cogant heredes amitae Helwidis, priorissae Burbur-
715 1559 2633 1614 gensis, ut libras decem in testamento Helwidi legatas dependant, vel coram eis intra
713 1612 2635 1678 quadraginta dies post litterarum susceptionem iustitiam exhibeant. Martene Coll.
713 1665 1966 1729 II. 821, Migne 200 p. 1005. — „Ex parte Helwidis“.
662 1713 2633 1782 12414 (8337) (Bartholomaeo), episcopo Bellovacensi, mandat, iudicet inter A. decanum
711 1775 2629 1837 Castri-Rodulphi et eius adversarios. Martene Coll. II. 798, Migne 200 p. 1005. —
713 1819 1356 1888 „Significavit nobis dilectus“.
665 1872 2631 1947 12415 (8338) Episcopo Catalaunensi Milonem clericum litteratum, ex eius parochia
715 1943 2631 2007 oriundum, commendat. Martene Coll. II. 842, Migne 200 p. 1005. — „Commissum
713 1996 1040 2058 tibi officium“.
665 2044 2633 2108 12416 (8340) Henrico, archiepiscopo Remensi, mandat, ut canonicorum S. Ursmari et
713 2102 2633 2161 Antoniensium ecclesiae Lobiensi subiectorum, qui „fornicarias in propriis domiciliis
715 2164 2631 2226 tenere praesumant“, disciplinam restituat. Addit de Lamberto, S. Ursmari canonico,
711 2217 2631 2274 qui I(ohannem) abbatem Lobiensem iniuste fatigaverit. (Fragmentum.) Martene
713 2274 2626 2327 Coll. II. 794, Mansi XXI. 1076, Migne 200 p. 1006. — „Pervenit ad nos, quod“.
662 2316 2626 2385 12417 (8339) Henricum, archiepiscopum Remensem, hortatur, ut quem post appella-
713 2382 2629 2442 tionem ad sese interpositam excommunicatione affecerit, Ma. civem Catalaunensem
711 2429 2629 2495 absolvat, ut „exinde causa in praesentia Laudunensis episcopi debitae iustitiae recipiat
711 2491 2626 2552 complementum“. (Data „III. id. Mergolii“.) Martene Coll. II. 703, Migne 200 p. 1006.
713 2550 1305 2612 — „Si bene meminimus“.
660 2579 2624 2665 12418 (8341) Henricum, archiepiscopum Remensem, petente Ludovico Francorum rege,
713 2656 2626 2714 monet, ut M. civem Catalaunensem excommunicatione absolvat, qua eum pro appel-
711 2709 2629 2773 latione ad sedem apostolicam interposita innodaverit. Martene Coll. II. 817, Bouquet
711 2764 2105 2835 Rec. XV. 847, Migne 200 p. 1007. — „Praesentibus litteris“.
662 2811 2629 2881 12419 (8342) Henrico, archiepiscopo Remensi, mandat, ut inter Martinum et Adamum
713 2873 2626 2934 super vinea quadam litigantes iudicium faciat. Martene Coll. II. 841, Migne 200
711 2930 1517 2990 p. 1008. — „Causam, quae inter“.
662 2976 2629 3045 12420 (8343) Henrico, archiepiscopo Remensi, mandat, compellat Rossam mulierem et
715 3036 2626 3102 Phy. de Castris, ut vineam fratribus de Sarnaio ablatam reddant. Martene Coll.
713 3096 2160 3151 II. 850, Migne 200 p. 1008. — „Ex transmissa conquestione“.
660 3138 2624 3213 12421 (8344) Henrico, archiepiscopo Remensi, mandat, hortetur canonicos Cameracenses,
713 3206 2624 3263 ut fratribus hospitalis apud Valencenas „construendi ibidem oratorium et cimiterium
711 3255 2626 3319 liberam tribuant facultatem“. Hortatur, ut „nullum virum ecclesiasticum per pro-
713 3316 2622 3380 vinciam suam a personis saecularibus iudicari permittat“. Martene Coll. II. 868,
711 3363 1884 3425 Migne 200 p. 1008. — „Perlatum ad audientiam“.
660 3416 2622 3491 12422 (8345) Henrico, archiepiscopo Remensi, mandat, ne I. presbyterum, capellanum
711 3478 2624 3575 infirmorum fratrum de Turribus super Marnam, qui puer novitius monasterii loiacensis
905 159 1836 251 ALEXANDER III. 1159—1181.
2512 163 2642 269 279
