3007 3975
331 167 461 260 280
879 320 1206 412 1162— 1175.
963 382 2867 472 fuerit permissuque abbatis monasterium reliquerit, „ab ordinibus removeri“ patiatur
961 468 2629 532 Martene Coll. II. 945, Migne 200 p. 1009. — „Veniens ad apostolicae“.
908 516 2874 585 12423 (8346) Episcopo et canonicis quibusdam iam iterum mandat, ut F. scholastico,
961 576 2876 633 litterarum portitori, praebendam proxime vacaturam in ecclesia S. Stephani vel in
958 629 2874 695 ecclesia b. Mariae de Vallibus concedant. Martene Coll. II. 806, Migne 200 p. 1010.
963 684 1520 750 — „Pro filio nostro F.“
910 726 2876 797 12424 (8347) Abbati Corbeiensi praecipit, ne (Henrici), archiepiscopi Remensis, de
961 790 2874 859 burgo, qui monasterio adiacet, iura laedat. Martene Coll. II. 924, Bouquet Rec.
965 841 2388 934 XV. 926, Migne 200 p. 1010. — „Venerabilis frater noster“.
881 920 1215 998 1164 —1175.
912 989 2876 1075 12425 (8348) Episcopo Catalaunensi mandat, interdicat universis dioecesis sacerdotibus,
961 1071 2878 1137 ne „pro baptismo parvulorum et pro sepultura mortuorum pretium exigant“. Mar-
963 1128 2543 1201 tene Coll. II. 842, Migne 200 p. 1011. — „Pervenit ad nos, quod“.
881 1190 1215 1267 1170—1175.
916 1256 2881 1347 12426 (8349) T(heobaldo). episcopo Ambianensi, mandat, ut compositionem inter Ichan-
965 1342 2878 1402 nem canonicum Laudunensem et Hel. mulierem, novercam eius, ab Hu(gone) epi-
961 1397 2878 1466 scopo Suessionensi, factam observari iubeat. Martene Coll. II. 836, Migne 200
961 1444 1771 1517 p. 1011. — „Causam, quae inter“.
908 1497 2878 1567 12427 (8350) Henrico, archiepiscopo Remensi, mandat, compellat infra quadraginta dies
961 1563 2874 1620 Guidonem de Apia, ut Theobaldo extorta reddat ac de illatis iniuriis satisfaciat.
963 1620 2876 1678 Hortatur, ne causam N., procuratori archidiaconi Remensis, committat, „ne“ inquit
963 1667 2878 1742 „forte tibi de praefato N. contingat, quod b. m. Noviomensi episcopo de Drogone
961 1718 2874 1790 audivimus contigisse“. Martene Coll. II. 866, Migne 200 p. 1012. — „Ex parte Theo-
963 1782 1129 1846 baldi“.
616 1771 848 1910 Perentiai
910 1824 2876 1899 12428 Archiepiscopo Cantuariensi, apost. sed. legato, et episcopo Cicestrensi mandat,
963 1881 2872 1954 ut ecclesiae S. Frideswidae Oxenefordiensi concessam a b. m. Malcolmo, Scotorum rege,
967 1943 2874 2020 villam de Pydentone a comite Simone restitui faciant. Mon. Angl. nov. ed. II. 147.
965 2005 1489 2071 — „Ex parte prioris“.
346 2007 574 2133 Sept. 20.
700 2047 768 2122 „
912 2036 2876 2120 12429 (Oberto) episcopo Terdonensi et abbati S. Andreae mandat, ut litem inter mo-
963 2111 2876 2179 nasterium Montis Christi et (Hugonem) archiepiscopum Ianuensem super ecclesia de
963 2157 2507 2243 Molo determinent. Pflugk-Harttung Iter p. 275. — „Causam que“.
879 2221 1208 2325 1173— 1175.
351 2316 576 2396 Dec. 12.
609 2318 848 2404 Anagniae
908 2312 2876 2387 12430 Inter canonicos Condatenses et fratres Castellenses factam a F(ulcano) decano
961 2382 2872 2444 Remensi et magistro R. archidiacono Suessionensi super altari de Frasnia composi-
963 2429 2872 2502 tionem approbat. Cartul. de N.-D). de Condé ms. lat. 9917. s. XIII—XV. f. 27 in
961 2495 1897 2570 bibl. nat. Paris. — „Cum olim causam“.
877 2555 1210 2647 1174—1175.
351 2619 576 2738 Oct. 2.
614 2647 848 2722 Ferentini
908 2636 2872 2731 12431 Abbati et fratribus S. Sebastiani. Sic ap. Pflugke-Harttung Iter p. 275. — „Qno-
963 2718 1319 2782 niam eos qui“.
881 2806 2794 2906 1175. (Ind. S. — 25. Sept. — 9, pont. a. 16. — 20. Sept. — 17, 1174. — 25. Mart. — 1175.)
355 2915 578 3005 lan. 17.
618 2899 850 3001 Ferentini
910 2919 2874 3001 12432 Clerum et populum Glasguensem hortatur, ut ecclesiam cathedralem, „iuxta con-
961 2987 2872 3047 suetudinem episcopatus S. Andreae et aliorum circumpositorum episcopatuum“, sin-
963 3034 2872 3104 gulis annis visitent ac verbo et opere adiuvent. Registrum ep. Glasg. I. 19. — „Decet
961 3098 1478 3153 universos christianae“.
391 3131 576 3217 „ 31.
698 3140 786 3334 „
914 3142 2874 3219 12433 (lohanni) Gratianopolitano et (Rotberto) Vivariensi episcopis scribit de prava
961 3197 2872 3266 consuetudine in eorum partibus inducta: „quod, qui clericos capiunt aut in eos vel
963 3250 2872 3321 manus iniiciunt violentas, cum ipsis pacem faciant, ab eisdem clericis extorquent de
965 3303 2867 3383 pacis observantia iuramentum“. Mandat, ut illos „non obstante pace taliter extorta“
965 3361 2872 3429 excommunicent, „donec passis iniuriam, si quid illis abstulerint, restituant et de
963 3420 2872 3486 illatis iniuriis congrue satisfaciant et cum litteris episcoporum apostolico se con-
963 3478 2872 3584 spectui repraesentent“. Niener Siteungsber. XXIX. 64. — „Audivimas praram ef“.
1142 172 2070 271 ALEXANDER III. 1159—1181.
