3007 3975
333 187 455 289 282
874 329 2781 417 1175. (Ind. S. — 25. Sept. — 9, pont. a. 16. — 20. Sept. — 17, 1174. — 25. Mart. — 1175.)
351 399 572 485 Mart. 23.
609 399 843 571 veuasr.
908 408 2872 483 12449 Burgensibus de Gandavo concedit, „ne contra antiquam consuetudinem per ini-
958 479 2872 536 micorum pericula et alienae linguae homines pro causis ecclesiasticis, undecunque
952 532 2870 587 ortae fuerint, quamdiu coram decano suo obedienter et simpliciter iudicio stare volue-
958 580 2870 647 rint, ad longinqua ire iudicia aliquatenus cogantur“. (Perperam Alexandro IV.
952 629 2671 704 tributa.) Gheldolf Coutume de Gand p. 406. — „Congruam officii nostri“.
384 686 570 766 „ 25.
682 704 777 803 „
908 689 2870 753 12450 (8357) W(illelmo), electo Lucensi, eiusque canonicis mandat, cogant R. prae-
956 750 2870 808 positum et monachos S. Georgii, ut ecclesiam S. Matthaei de Fossa Natali, ab abbate
961 803 2870 876 Montis Viridis simoniace acquisitam, dimittant. Baluzii Misc. I. 432, Migne 200
954 852 1743 925 p. 1017. — „Audientes, qualiter“.
380 894 567 989 „ 25.
687 896 773 989 „
908 901 2870 971 12451 (8358) R. praeposito et universis monachis S. Georgii praecipit, ut ecclesiam
952 965 2870 1026 S. Matthaei de Fossa Natali intra dies quindecim dimittant. De superiore ad (Wil-
954 1020 2867 1084 lelmum) electum Lucensem epistola significat. Mansi XXI. 1081, Migne 200 p. 1018.
954 1077 1564 1143 — „Intellecto et cognito“.
382 1113 561 1205 „ 28.
680 1093 773 1249 „
903 1121 2872 1194 12452 (8359) Monasterii S. Salvatoris Maiellani protectionem suscipit et possessiones
952 1185 2872 1256 iuraque confirmat, petente Transmundo abbate. Bull. Vatic. I. 62, Migne 200 p. 1019.
954 1234 1747 1307 — „Iustis religiosorum desideriis“.
342 1258 558 1373 Apr. 1.
684 1280 771 1413 „
899 1283 2865 1360 12453 Magistro et fratribus militiae Templi asserit „molendinum, quod est Columariis,
954 1353 2870 1411 quodque eis a comite Henrico Trecensium collatum est, nec non theloneum, quod
952 1413 2867 1468 comes Theobaldus super culcitris et quadrigis domui eorum contulit et quod pre-
950 1461 2865 1523 fatus comes Henricus super fileto et lanis, que in villa Pruvinensi venduntur, ad-
950 1512 2865 1583 auxit“. (Dat. VI. non. Apr.) Ex cartul. de la commanderie de Provins p. 37 in
952 1572 2558 1638 tabular. nat. Paris. S. 5162, 25. Misit Delisle. — „Iustis petentium“.
360 1609 556 1698 „ 2.
682 1543 771 1746 „
899 1616 2870 1687 12454 (8360) Pennensi et (Oderisio) Valvensi episcopis mandat, ut ex Leonatis abbatis
952 1680 2867 1740 Piscariensis sententia clericos de Castellione „publice accensis candelis per epis-
952 1742 2865 1799 copatus suos excommunicatos denuncient“. Chron. Casaur. ap. Muratori R. It. SS.
950 1786 1981 1859 II. 908, Migne 200 p. 1021. — „Ex parte“.
373 1817 556 1932 „ 3.
684 1804 764 1934 „
899 1828 2867 1905 12455 Monasterii S. Petri Vultensis possessiones et iura confirmat, petente Philippo
947 1905 2414 1958 abbate. Pflugk-Harttung Iter p. 276. — „Religiosis desideriis“.
364 1914 556 2022 „ 7.
673 1919 768 2067 „
899 1943 2865 2016 12456 Monasterii Bellilocensis patrocinium suscipit, possessionesque ac privilegia con-
943 2009 2863 2071 firmat, petente Iohanne abbate. Lalore Collection IV. 278. — „Religiosam vitam
943 2062 1235 2131 eligentibus“.
360 2104 554 2197 „ 8.
680 2115 768 2217 „
899 2104 2865 2179 12457 Fratribus Ursicampi asserit domum apud Compendium aliaque a decano Bel-
952 2179 2863 2234 vacensi concessa et a B(artholomaeo) eius episcopo roborata. Peigné-Delacourt Cart.
943 2228 2863 2296 d'Ourscamp p. 303, ubi perperam epistola Alexandro IV. ascribitur. — „Iustis peten-
945 2285 1330 2340 tium desideriis“.
377 2325 554 2418 „ 10.
680 2329 766 2446 „
897 2336 2863 2400 12458 (Richardo) abbati de Gedeguerth et aliis personis in episcopatu Glasguensi con-
947 2391 2858 2453 stitutis praecipit, ut I(ocelino), electo episcopo consecrationem et obedientiam ex-
947 2455 2858 2508 hibeant. Registrum ep. Glasg. I. 33, Haddan and Stubbs Councils II. I. 40, (Epi-
943 2495 2856 2577 stola aliter incipit in bibl. nat. Paris. ms. lat. 16992. f. 146). — „Intellecto ex litteris“
947 2548 1467 2623 „Ex litteris karissimi“.
373 2599 554 2683 „ 11.
676 2612 760 2727 „
897 2599 2858 2674 12459 Ecclesiae b. Hilarii Pictaviensis privilegia quaedam confirmat. Mém. de la soc.
943 2672 2554 2727 des antiquaires de Louest 1847. p. 183. — „Dignum est, conveniens“.
368 2705 554 2786 „ 12.
684 2716 762 2835 „
899 2716 2861 2784 12460 (8361) (Guichardo) Lugdunensi, apostolicae sedis legato, (Guarino) Bituricensi
945 2778 2858 2844 archiepiscopis et eorum suffraganeis et universo clero et populo in eorum episcopa-
943 2826 2856 2895 tibus et in episcopatu Aniciensi constitutis praecipit, ut Petro, tit. S. Chrysogoni
945 2886 2854 2954 presbytero cardinali, „in partibus ultramontanis legato sedis apostolicae constituto“,
947 2934 2856 3003 obedientiam praestent. Duchesne H. Fr. SS. IV. 564, Bouquet Rec. XV. 950, Mansi
945 2994 2189 3056 XXI. 967, Migne 200 p. 1022. — „Non latet, sicut“.
375 3029 554 3153 „ 12.
684 3032 755 3177 „
894 3036 2856 3127 12461 Hospitalis Hierosolymitani possessiones ex donatione Samsonis, quondam archi-
943 3107 2856 3164 episcopi Remensis aliorumque episcoporum et L(udovici) regis Francorum acquisitas
943 3164 2710 3217 confirmat. Autogr. in tab. nat. Paris. L. 231. n. 45. — „Cum sitis arctius“.
371 3180 550 3308 „ 20.
682 3202 757 3299 „
899 3204 2854 3277 12462 Monasterii S. Mariae Neubotlensis tutelam suscipit, ac disciplinam, possessiones
945 3270 2854 3330 et privilegia confirmat, petente Amfrido abbate. Registrum S. Mariae de Neubotle
943 3319 1785 3392 p. 315. — „Quotiens illud a nobis“.
366 3361 554 3495 „ 21.
658 3354 775 3517 („)
897 3363 2854 3447 12463 *Monasterii Caroli-loci protectionem suscipit ac privilegia confirmat. In bibl.
947 3433 2847 3553 nat. Laris. Sartut. mon. Sarolidoci ms. lat. 11005. f. 888; de die ride Sall. Sur
947 3480 1170 3573 X. 1509.
1142 176 2061 271 ALEXANDER III. 1159—1181.
