3007 3975
651 313 2565 397 1175. (Ind. 5. — 25. Sept. — 9, pont. a. 16. — 20. Sept. — 17, 1174. — 25. Mart. — 1175.)
391 382 618 474 Ferentini
684 390 2649 470 12464 (Henrico) archiepiscopo Remensi et (Everardo) episcopo Tornacensi praecipit,
139 395 349 485 Apr. 22.
737 450 2653 514 ut, cum burgensibus de Gandavo „aliqua causa ecclesiastica ingruerit, ipsam coram
735 510 2653 569 decano eorum tractari faciant, aut illuc in persona propria accedant, aut personam
731 567 2653 627 discretam et idoneam mittant“, quia burgenses propter graves, quas cum circum-
733 620 2653 686 manentibus habeant inimicitias, ad longinquum iudicium accedere non possint. (Per-
735 664 2653 748 peram Alexandro IV. tributa.) Gheldolf Coutume de Gand p. 407, — „Burgenses
737 726 1058 792 de Gandavo“.
684 783 2653 845 12465 Priorissae et sororibus Rowneyensibus asserit terram in Munden et terram in
165 779 344 861 „ 24.
472 792 556 870 „
731 839 2494 894 Chelsea. Monast. Anglic. nov. ed. IV. 344. — „Iustis petentium desideriis“.
684 885 2651 951 12466 Ecclesiae b. Hilarii Pictaviensis libertates et privilegia confirmat. Mém. de la
165 885 344 976 „ 27.
477 909 556 978 „
731 940 2423 1007 soc. des antiqu. de Louest 1847. p. 183. — „Iustis petentium desideriis“.
680 995 2651 1064 12467 Inter canonicos Bituricenses et Stephanum, dominum Sacricaesaris, super villa
163 965 342 1082 „ 27.
466 1007 558 1097 „
733 1062 2653 1117 nova apud Bellumlocum compositionem, a (Willelmo) archiepiscopo Senonensi, apost.
731 1115 2651 1181 sed. legato factam, confirmat. Cartul. de Bourges ms. lat. nouv. acquis. 1274. s. XIII.
731 1161 1853 1234 f. 13“ in bibl. nat. Paris. — „Ex litteris dilecti“.
680 1214 2651 1285 12468 Ecclesiam Glasguensem, „spiritualem filiam suam nullo mediante“, tuendam
163 1221 344 1300 „ 30.
461 1219 558 1316 „
731 1278 2649 1344 suscipit, bonaque eius et privilegia confirmat, petente Iocelino episcopo. (Notae tem-
731 1336 2653 1395 poris sunt corruptae.) Registrum ep. Glasg. I. 30, Haddan and Stubbs Councils
733 1391 1491 1453 II. I. 41. — „Cum ex iniuncto“.
128 1386 342 1523 Mai. 4.
682 1431 2651 1508 12469 Monasterii S. Stephani Divionensis ecclesias quasdam confirmat vetatque, sine
463 1448 563 1572 „
733 1503 2651 1567 abbatis et fratrum assensu in parochialibus eorum ecclesiis presbyterum ordinari.
731 1550 2030 1620 Pflugk-Harttung Acta I. 256. — „In admittendis iustis“.
680 1596 2646 1671 12470 Parthenonem S. Petri Maioris Pistoriensem tuendum suscipit, eiusque posses-
161 1585 340 1691 „ 5.
466 1598 556 1753 „
731 1658 2649 1729 siones ac iura confirmat. Wiener Sitzungsber. XCIV. 672. — „Prudentibus vir-
731 1709 947 1784 ginibus“.
680 1760 2646 1843 12471 Monasterii S. Mariae Pratensis patrocinium suscipit, possessiones confirmat, pri-
163 1771 344 1848 „ 5.
463 1764 563 1905 „
733 1830 2646 1888 vilegia auget, petente Odone abbate. Chartul. Belli-prati Bellovacensis s. XIII. ms.
731 1879 2180 1947 lat. 9973. f. 129 in bibl. nat. Paris. — „Desiderium quod ad“.
682 1927 2649 2007 12472 Monasterii S. Mariae Fulcardimontis tutelam suscipit ac possessiones iuraque
159 1941 344 2007 „ 5.
463 1947 563 2002 „
731 1996 2646 2060 confirmat, petente Hugone abbate. Cartular. Fulcardim. ms. lat. nouv. acqu. 248.
731 2038 2646 2111 f. 2 in bibl. nat. Paris.: „III. non. Maii“, (Neues Archiv VII. 102: „IV. non. Maii“).
733 2104 1506 2170 — „Religiosis desideriis dignum“.
163 2159 344 2234 „ S.
680 2146 2644 2221 12473 Ecclesiam Atrebatensem protegendam suscipit, eiusque possessiones confirmat,
461 2155 561 2265 „
731 2214 2646 2283 petente Frumaudo episcopo. In bibl. nat. Paris. Chartul. Atrebat. ms. lat. 17737.
731 2261 1760 2332 s. XIII. f. 565. — „Cum ex iniuncto nobis“.
682 2320 2649 2389 12474 Monasterio S. Mariae Pratensi asserit vineas de Vilers, ab Henrico et Sagalone
159 2307 344 2389 „ 8.
463 2254 563 2411 „
731 2380 2644 2444 de Ricis concessas, salvo censu annuo monasterio S. Luciani Belvacensi solvendo.
731 2433 2644 2504 Chartul. Belli-prati Bellovacensis s. XIII. ms. lat. 9973. f. 129“ in bibl. nat. Paris.
735 2486 1471 2552 — „Iustis petentium desideriis“.
680 2532 2649 2605 12475 Fratribus S. Mariae Pratensibus decimas quasdam asserit, a monachis S. Luciani
163 2519 346 2616 „ 9.
468 2526 563 2619 „
731 2594 2649 2656 Bellovacensibus vindicatas. In bibl. nat. Paris. Chartul. Belli-prati Bellovacensis
731 2643 2085 2718 s. XIII. ms. lat. 9973 f. 129“. — „Cum olim a fratribus“.
680 2700 2649 2775 12476 Monasterii de Capella (ad Plancas) possessiones quasdam confirmat. Lalore
163 2676 346 2780 „ 11.
470 2674 561 2782 „
729 2753 1604 2828 Collection IV. 24. — „Pia desideria“.
167 2811 349 2888 „ 13.
680 2809 2646 2884 12477 Monasterio S. Aegidii abbatiae S. Gervasii de Fossis curam iam pridem con-
468 2822 558 2895 „
731 2877 2642 2930 cessam esse, confirmat. Goiffon Bull. de St.-Gilles p. 85. — „Attendentes quomodo“.
684 2926 2642 2992 12478 R(aimundo) abbati et fratribus S. Aegidii monasterium S. Trinitatis de Altorio,
167 2926 346 3005 „ 13.
463 2934 561 3034 „
733 2983 2644 3047 (in territorio Arelatensi noviter constructum) subiicit, statuens, ut nullus ibi abbas
731 3038 2644 3104 promoveatur, nisi prius in ecclesia S. Aegidii regulam b. Benedicti professus obedien-
731 3091 2450 3157 tiam promiserit. Goiffon Bull. de St.-Gilles p. 83. — „Religionis et fidei“.
165 3104 349 3224 „ 14.
684 3146 2644 3208 12479 (Rotrocum) archiepiscopum Rothomagensem eiusque suffraganeos hortatur, mo-
463 3144 561 3241 „
733 3199 2642 3261 neant parochianos quosdam, ut fratribus S. Mariae Pratensibus ablata restituant.
733 3257 1917 3312 Loewenfeld Epistolae p. 145. — „Decet nos viros“.
684 3301 2644 3376 12480 Constitutionem a fratribus S. Maxentii super cura infirmorum et administratione
163 3301 349 3383 „ 14.
457 3314 561 3389 „
735 3367 2644 3420 reddituum Novi-burgi factam et ab A(lberto) tit. S. Laurentii in Lucina et T(heo-
733 3416 2642 3482 dino tit. S. Vitalis presbyteris cardinalibus roboratam confirmat. In bibl. nat. Paris.
735 3478 2370 3592 ms. let. 188*4. Gom. Fontenesn S113) f. I.  „Es autentiso sevrips-
2277 3520 2375 3648 se*
921 161 1844 262 ALEXANDER III. 1159—1181.
2525 163 2655 269 283
