3007 3975
313 203 439 293 284
861 344 2768 435 1175. (Ind. 8. — 25. Sept. — 9, pont. a. 16. — 20. Sept. — 17, 1174. — 25. Mart. — 1175.)
329 404 552 496 Mai. 14.
596 412 828 554 Ferentini
888 421 2856 496 12481 Compositionem inter Amfridum, abbatem Neubotlensem, et ecclesiam de Hadin-
941 490 2854 556 tunn factam super decimis quibusdam approbat. Registrum S. Marie de Neubotle
941 543 1895 607 p. 319. — „Licet fratribus Cisterciensis“.
894 591 2858 660 12482 Ecclesiae S. Petri Carennacensis protectionem suscipit, possessionesque et privi-
368 589 547 706 „ 15.
678 589 768 711 „
945 658 2856 724 legia confirmat, petente Ribaudo priore. In bibl. nat. Paris. Coll. Baluze t. 38. f. 255.
945 715 1504 768 — „Suscepti regiminis“.
892 753 2856 830 12483 (8362) Ottonis, praepositi Raitenbuchensis, et ecclesiae eius protectionem suscipit.
371 750 550 832 „ 15.
680 761 764 878 „
943 814 2856 883 Mandat, ut clericos in Teutonico regno schismati renunciantes ad ecclesiae unitatem
943 863 2856 945 recipiat. Mon. Boic. VIII. 15, Hund III. 148, Migne 200 p. 1022. — „Iustis peten-
945 918 1330 987 tium desideriis“.
894 973 2858 1048 12484 Monasterii de Recluso protectionem suscipit, disciplinamque Cisterciensem et
373 967 554 1060 „ 19.
673 967 766 1090 „
943 1031 2858 1110 possessiones ac iura quaedam confirmat. Pflugk-Harttung Acta I. 256. — „Atten-
943 1093 1352 1159 dentes fervorem“.
894 1143 2861 1207 12485 (Bartholomaeo) episcopo Exoniensi et abbati Fordensi scribit, fratres Malmes-
373 1130 550 1227 „ 20.
671 1075 768 1225 „
945 1201 2863 1263 burienses conquestos esse, quod I(ocelinus) episcopus Sarisberiensis subiectionem ab
943 1260 2863 1318 eis exigat, „cum monasterium per privilegia Romanae ecclesiae ab episcopi iurisdic-
943 1309 2861 1380 tione dicatur exemptum“. Mandat, ut controversiam determinent. Registrum Mal-
943 1369 1904 1424 mesbur. I. 371.— „Ex parte dilectorum“.
897 1422 2861 1486 12486 (8363) Episcopatum Civitatensem a Fernando, Hispaniarum rege, constitutum
373 1404 554 1495 „ 25.
689 1422 764 1534 „
945 1477 2863 1541 confirmat. Petro episcopo conseorationem sine sedis apostolicae auctoritate ab (Petro)
943 1530 2863 1594 archiepiscopo Compostellano acceptam ignoscit. Escalona Hist. de Sahagun p. 549.
950 1594 1562 1654 — „Ex litteris karissimi“.
899 1631 2865 1707 12487 Universos ecclesiarum praelatos hortatur, ut propositis indulgentiis populum ad
375 1625 556 1762 „ 28.
682 1601 773 1766 „
947 1691 2865 1757 collectas in favorem Templariorum instituendas adhortentur. De aliis eorum privi-
945 1746 2355 1819 legiis addit. Prutz Malteser Urk. p. 39. — „Milites templi“.
897 1804 2865 1868 12488 L. praeposito et canonicis ecclesiae Caesenatis concedit, „ne quis infra parochias
380 1773 561 1923 „ 30.
676 1771 779 1923 „
952 1868 2865 1923 ecclesiarum, ex quibus decimas et oblationes recipiant, ecclesiam absque consensu
950 1912 2863 1987 episcopi dioecesani et eorum aedificare praesumat“. Zaccaria Ser. ep. Caesen. p. 33,
950 1965 2165 2038 Cappelletti Chiese d'It. II. 537. — „Ad hoc sumus“.
899 2025 2867 2086 12489 Abbati S. Remigii et decano Remensi scribit de quarta nemoris de Marelmifai
380 2009 558 2097 „ 31.
684 2020 779 2153 „
954 2086 2865 2146 parte, fratribus Pratensibus concessa ab abbate S. Luciani Bellovacensi. Ex arch. dép.
954 2139 2865 2201 de l'Oise in Beauvais, fonds de Beaupré n. 39 de l'inventaire provisoire, misit Delisle.
956 2186 2861 2254 In Chartul. Belli-prati Bellov. s. XIII. ms. lat. 9973. f. 130 in bibl. nat. Paris. —
956 2252 1471 2305 „Audita olim querela“.
346 2276 565 2413 Ma luon
903 2294 2867 2362 12490 (8364) (Roberto) archiepiscopo Viennensi, apostolicae sedis legato, et (Pontio)
689 2296 771 2411 „
954 2360 2865 2415 episcopo Claromontensi mandat, ut transactionem cum ecclesia Lugdunensi factam a
952 2411 2865 2468 (Guigone) comite Forensi observari cogant. („Datum V. Iunii“.) Menestrier Hist.
954 2455 2863 2530 de Lyon, Preuv. p. XXXVIII, Bouquet Rec. XV. 950, Migne 200 p. 1023. — „Me-
952 2524 1294 2583 mores sumus“.
346 2537 567 2696 ten „
905 2559 2867 2638 12491 Canonicos Glasguenses hortatur, ut (locelino) episcopo suo debitam obedientiam
687 2544 784 2687 „
952 2623 2863 2691 exhibeant. Registrum ep. Glasg. I. 20, Haddan and Stubbs Councils II. I. 37. —
956 2676 1321 2747 „Honor est et“.
908 2722 2870 2802 12492 Fratribus Lchunensibus asserit altare de Hangest, a Godefrido, quondam epi-
382 2709 563 2828 „ 2.
687 2707 779 2828 „
958 2789 2865 2862 scopo Ambianensi, concessam. In bibl. nat. Paris. Cartul. de Lyhon ms. lat. 5460.
956 2842 1948 2915 s. XIII. f. 6. — „Intelleximus ex scripto“.
908 2888 2865 2974 12493 lohanni, Ariensis ecclesiae praeposito, significat, confirmare se, quod R. quon-
386 2881 567 2974 „ 12.
691 2886 786 3018 „
958 2959 2870 3018 dam praepositus de praebenda ab ipso fundata constituerit. Rouyer Rech. sur S. Pierre
958 3012 1813 3076 d'Aire p. 255. — „Statuta quae de“.
912 3054 2867 3127 12494 Ecclesiae S. Trinitatis Tranensis, monasterio Cavensi subiectae, patrocinium
393 3051 567 3142 „ 15.
700 3051 786 3140 „
958 3115 2865 3180 suscipit. Guillaume Labbaye de Cava app. p. 37. — „Commisse nobis apostolice“.
910 3168 2865 3239 12495 Monasterium S. Acheoli tuendum suscipit eiusque bona confirmat. Neues Archiv
391 3164 574 3244 „ 19.
698 3153 779 3248 „
958 3226 1939 3297 IV. 352. — „Apostolice sedis auctoritate“.
912 3283 2870 3350 12496 Capitulo Remensi bullam dat. Neues Archiv VII. 102. — „Commodis et pro-
391 3266 574 3358 „ 19.
700 3279 777 3361 „
958 3336 1184 3398 fectibus“.
916 3385 2872 3460 12497 Fratribus Malmesburiensibus indulget, ut in ecclesiis eorum vacantibus clericos
386 3372 574 3546 „ 29.
687 3374 786 3568 „
967 3445 2872 3509 eligant diocesanoque episcopo praesentent. Bona monasterii illicite alienata recu-
965 3493 2867 3601 perare cis permittit. Registrum Malmesbur. I. 36S. — „Apostolicae sedis auctoritate“.
1122 194 2045 284 ALEXANDER III. 1159—1181.
