3007 3975
680 329 2591 424 1175. (Ind. 8. — 25. Sept. — 9, pont. a. 16. — 20. Sept. — 17, 1174. — 25. Mart. — 1175.)
415 399 645 496 Ferentini
709 415 2682 481 12498 Canonicis lanuensibus significat, sese varias eorum controversias cum (Hugone)
159 404 380 492 lun. 21.
755 477 2680 541 archiepiscopo terminandas commisisse (Oberto) episcopo Terdonensi. Pflugk-Harttung
760 532 1710 587 Acta III. 237. — „Causam, quam inter“.
713 580 2682 649 12499 Ecclesiae Aquensis possessiones confirmat. (Fragmentum.) Pitton Annales d'Aix
194 578 377 655 „ 24.
505 583 581 662 „
757 629 947 697 p. 126.
711 691 2684 757 12500 *Ruflato clerico asserit cappellaniam S. Macarii, a Willelmo archiepiscopo Bur-
190 693 373 770 „ 24.
497 693 585 759 „
760 750 2684 819 digalensi concessam. In bibl. nat. Paris. ms. lat. 12666. (Monasticon Benedict. IX.)
760 810 936 861 f. 159.
713 854 2682 923 12501 (Petro) episcopo Petragoricensi et (Geraldo) abbati Coronensi mandat, ut a Sene-
192 854 375 934 „ 25.
494 854 589 942 „
762 909 2682 976 bruno de Sparra monasterio S. Crucis Burdegalensi ablata restitui faciant. Loewen-
760 962 1822 1031 feld Epistolae p. 145. — „Dilecti filii nostri“.
713 1022 2684 1086 12502 (8365) Archiepiscopis et episcopis mandat, ut „omnes, qui vota vel alteros red-
194 1011 371 1090 „ 30.
497 1015 592 1097 „
764 1073 2682 1139 ditus ecclesiae Compostellanae dare teneantur, compellant, ut vota et redditus per-
764 1139 2368 1196 solvant“. Ferrer Hist. de Sanctiago p. 279. — „Cum ecolesia beati“.
711 1188 2686 1249 12503 Monasterii Bellae-vallis possessiones quasdam confirmat, in his duas monteas
156 1183 377 1260 Iul. 3.
494 1183 596 1267 „
764 1245 2686 1309 salis apud Ledonium, a comite Stephano collatas. In Cartul. de Bellevaux, Coll.
764 1298 2492 1355 Moreau t. 870. f. 144b in bibl. nat. Paris. — „Iustis petentium desideriis“.
713 1353 2684 1415 12504 (8366) Ordinem militiae S. Iacobi in Hispania, cuius tutelam suscipit, et pos-
194 1349 375 1433 „ 5.
490 1344 598 1448 „
766 1411 2682 1470 sessiones eius ac privilegia confirmat, petente Petro Ferdinando magistro. Roderici
764 1464 2684 1525 Nov. coll. privil. p. 3, Ferrer Hist. de Sanctiago p. 405, Mansi XXI. 1049, Migne 200
768 1512 2103 1581 p. 1024, (Aguirre Conc. V. 92). — „Benedictus Deus in“.
715 1570 2686 1638 12505 Monasterio Eveshamensi ccclesiam S. Edwardi asserit „ad fabricam monasterii
190 1572 373 1649 „ 5.
492 1567 598 1647 „
764 1625 2686 1691 de assensu dioecesani episcopi deputatam“. Ex cod. Mus. Brit. Harleian. 3763.
764 1684 2169 1753 f. 94. Dedit Karolus Pertz. — „Iustis petentium desideriis“.
718 1735 2684 1799 12506 Bullam edit de his, qui „fratres templi Hierosolymitani de suis equis deiiciunt
194 1740 371 1810 „ 6.
501 1742 594 1802 „
764 1795 2682 1857 aut inhoneste tractant seu eos contumeliosis verbis afficiunt“. Prutz Malteser Urk. p. 41.
713 1846 2682 1927 12507 Monasterii S. Medardi Suessionensis tutelam suscipit, possessionesque et privilegia
192 1843 371 1932 „ 8.
501 1843 598 1934 „
764 1905 2686 1967 confirmat, petente Ingranno abbate. In tab. nat. Paris. Cartul. de Choisy-au-Bac
764 1963 1957 2016 s. XV. LL. 1023. f. 63. — „Quamvis ex iniuncto“.
718 2014 2688 2075 12508 (8367) Parthenonis Warivillensis protectionem suscipit, possessionesque ac pri-
194 2000 380 2084 „ 10.
503 2014 596 2080 „
771 2064 2684 2133 vilegia, petente Mathilde priorissa, confirmat. Louvet Hist. de Beauvais p. 574,
764 2126 2549 2184 Hist. de Beauvaisis I. 624, Migne 200 p. 1030. — „Prudentibus virginibus“.
718 2175 2686 2245 12509 (8368) Domui eleemosinariae S. Gervasii Parisiensi asserit domum iuxta atrium
198 2173 380 2254 „ 28.
499 2175 594 2296 „
766 2237 2684 2296 S. Gervasii sitam et denariorum 4 censum annuum, a Garino cementario traditum.
768 2290 2682 2351 (Pro „Florentinae“ leg. esse „Ferentini“, docet autogr. in tab. nat. Paris. L. 231
766 2345 2688 2409 asservatum.) Du Breul Le théatre des ant. de Par. p. 951, Félibien Hist. de Paris
768 2402 2178 2471 III. 66, Migne 200 p. 1031. — „Iustis petentium desideriis“.
722 2449 2688 2517 12510 Fratribus Compendiensibus indulget, ut „canonicis secularibus, qui in eorum
201 2411 380 2528 „ 29.
501 2446 596 2581 „
768 2515 2688 2570 ecclesia sint superstites, cedentibus vel decedentibus seu ad religionem transeuntibus
773 2570 2688 2625 vel pontificalem cathedram ascendentibus, in praebendis eorum sine contradictione
766 2619 2686 2680 qualibet succedere debeant.“ In bibl. nat. Paris. Coll. Moreau t. 70. f. 4, in tabul.
768 2676 2688 2742 nat. Paris. Cartul. Compend. s. XIII. LL. 1622. f. 136. — „Attendentes ecclesiam
766 2727 994 2793 vestram“.
163 2771 384 2857 Aug. 2.
720 2782 2686 2848 12511 (8369) Petro, tit. S. Chrysogoni presbytero cardinali, apostolicae sedis legato,
501 2775 607 2855 „
768 2842 2688 2899 mandat, compellat abbatem et monachos S. Benedicti de Quintiaco, ut P. priori de
773 2895 2688 2956 Lanariaco decimas quasdam restituant. Duchesne H. Fr. SS. IV. 564, Mansi XXI.
771 2950 2045 3007 968, Migne 200 p. 1032. — „Ex conquestione dilecti“.
203 2994 382 3074 „ 9.
722 3005 2688 3065 12512 M(athaeo) episcopo Trecensi collatas ab O(done) decano Senonensi domos con-
512 2998 603 3071 „
771 3056 2386 3118 firmat. Pflugk-Harttung Acta I. 257. — „Iustis petentium desideriis“.
203 3100 384 3182 „ 10.
722 3111 2688 3173 12513 (8370) Canonicorum Brixianorum privilegia et possessiones confirmat. (Frag-
503 3109 614 3252 „
773 3164 2688 3241 mentum.) Odorici Storie Bresciane VI. 29, (Gradonici Pont. Brix. p. 216, Migne 200
773 3219 1491 3290 p. 1032). — „ . „ ea propter“
724 3277 2688 3341 12514 Ecclesiae S. Liphardi Magdunensis tutelam suscipit possessionesque confirmat.
203 3257 384 3358 „ 17.
505 3255 609 3341 „
777 3332 2556 3392 In bibl. nat. Paris. Coll. Baluze t. 78. f. 161. — „Piae postulatio voluntatis“.
722 3378 2684 3449 12515 Monasterii S. Mariae de Laude protectionem suscipit, possessionesque et iura
203 3365 382 3453 „ 23.
479 3369 605 3577 „
775 3440 2684 3504 confirmat, petente Samuele abbate. In bibl. nat. Paris. Coll. Moreau t. 79. f. 150,
773 3495 2163 3595 (Nenes Archiv VII. 102). — „Religiosam vitam eligentibus“.
945 176 1873 278 ALEXANDER III. 1159—1181.
2551 183 2684 282 285
