3007 3975
293 176 421 258 286
837 324 2748 417 1175. (Ind. S. — 25. Sept. — 9, pont. a. 16. — 20. Sept. — 17, 1174. — 25. Mart. — 1175.)
309 382 532 483 Aug. 24.
572 384 804 496 Ferentini
870 406 2836 477 12516 Parthenonis S. Iohannis Domus-regis protectionem suscipit bonaque confirmat,
923 470 2836 532 petente Roscolina abbatissa. (Fragmentum.) In bibl. nat. Paris. ms. lat. 12693.
921 527 2421 580 (Monastic. Benedict. XXXVI.) f. 26. — „Prudentibus virginibus“.
296 530 550 664 Mart Sept.
645 554 746 671 „
872 580 2836 642 12517 Parthenonis Montis Cellensis bona et iura confirmat, petente Recordata abba-
914 633 2832 702 tissa. („1175, p. a. XVI“.) Pflugk-Harttung Iter p. 276. — „Prudentibus virginibus“.
307 675 532 748 Sept. 8.
636 669 744 821 „
870 680 2832 753 12518 (8371) Petro, tit. S. Chrysogoni presbytero cardinali, apostolicae sedis legato,
923 739 2834 810 scribit, „accepisse se, quod ecclesiam Meldensem adhuc detineat, et redditus percipiat,
919 788 2834 863 ita quod nihil ad Willelmum, Senonensem archiepiscopum, apostolicae sedis legatum,
921 852 2832 918 de redditibus illis perveniat, et canonici eiusdem ecclesiae electionem non audeant
919 907 2834 973 libere celebrare“. Mandat, „archiepiscopo et canonicis dicat, quod pro se non dimit-
919 965 2832 1031 tant, quin eidem ecclesiae personam idoneam provideant in episcopum“. Hortatur,
921 1018 2832 1082 ut „in operibus circumspectionem et modestiam servet“. Duchesne Hist. Fr. SS. IV. 565,
916 1075 2830 1130 Bouquet Rec. XV. 951, Mansi XXI. 969, Migne 200 p. 1033. — „Quanto maiorem locum“.
309 1108 528 1188 Oct 10.
656 1119 726 1190 „
870 1124 2836 1192 12519 Militibus Calatravensibus per provinciam Toletanam constitutis interdicit, ne in locis
916 1174 2828 1238 sibi concessis iura ecclesiarum infringant. Neues Archiv VI. 296. — „Licet vos sicut“.
344 1227 530 1311 „ 19.
574 1230 806 1353 Anaeniac
872 1234 2834 1298 12520 (8372) Monasterii S. Salvatoris Messanensis protectionem suscipit, possessionesque
921 1291 2832 1355 ac iura confirmat, petente G(uillelmo) rege Siciliae. Mansi XXI. 1054, Migne 200
919 1340 2834 1413 p. 1033: „XIV. kal. Nov.“; Piccoli de ant. iure Sic. eccl. p. 119 in Graevii Th. ant.
916 1402 2054 1468 Sic. II.: „XII. kal. Sept.“. — „Apostolicae sedis“.
309 1439 532 1532 Nov. 13.
651 1448 735 1543 „
872 1453 2834 1517 12521 Monasterii S. Mariae de Columna (Colonia) secus mare protectionem suscipit
921 1517 2830 1578 possessionesque confirmat, petente lacobo abbate. Prologo Le carte di Trani p. 140,
923 1567 2830 1625 Archivio storico della città e prov. di Roma II. 15. — „Piae postulatio voluntatis“.
346 1609 530 1702 „ 15.
653 1614 733 1704 „
868 1616 2832 1682 12521a Monasterii S. Salvatoris Miletensis tutelam suscipit possessionesque confirmat, petente
919 1682 2828 1746 Leonardo abbate. In Arch. S. Angeli Arm. XI. Caps. IX. n. 6. Misit Th. Sickel. —
925 1735 1495 1797 „Officio nostro congruit“.
344 1775 525 1857 „ 16.
594 1777 742 1852 „ „
870 1775 2834 1848 12522 (8373) Ecclesiae S. Mariae de Cagia Meldensis possessiones confirmat, bulla ad
916 1841 2832 1903 Odonem abbatem. (Fragmentum.) Du Plessis Hist. de Meaux II. 60, Migne 200
916 1896 1922 1965 p. 1035. — „ . „ quascunque possessiones“,
342 1941 528 2029 „ 18.
658 1958 733 2069 „
872 1952 2832 2018 12523 (8374) (Guichardum), archiepiscopum Lugdunensem, apostolicae sedis legatum,
919 2007 2832 2067 et eius suffraganeos et abbates ac universum clerum et populum per Lugdunensem
919 2060 2830 2124 provinciam constitutum iterum hortatur, ut Petro tit. S. Chrysogoni presbytero car-
919 2115 2830 2175 dinali, „in provincia eorum et in aliis locis legato sedis apostolicae constituto“ de-
921 2175 2830 2237 bitum praestent honorem. Duchesne H. Fr. SS. IV. 563, Bouquet Rec. XV. 948,
921 2221 2485 2285 Mansi XXI. 965, Migne 200 p. 1036. — „Gaudemus admodum et“.
338 2219 525 2351 „ 22.
653 2270 737 2411 „
872 2270 2832 2347 12524 (8375) Monasterii S. Mariae Novigentensis tutelam suscipit, ac bona et privi-
919 2336 2830 2398 legia confirmat, petente Iohanne abbate. Pflugk-Harttung Acta I. 258, (Du Plessis
916 2380 2485 2457 Hist. de Coucy p. 144, Migne 200 p. 1036). — „Quotiens illud a“.
349 2442 530 2515 „ 30.
647 2431 735 2517 „
868 2435 2832 2506 12525 Ecclesiae S. Antonini (dioec. Ruthen.) tutelam suscipit, possessionesque et privilegia
916 2499 2830 2563 confirmat, petente Stephano priore. In bibl. nat. Paris. Coll. Doat t. 124. f. 344.
919 2555 1398 2610 — „Cum nobis sit“.
309 2599 530 2689 Dec. 16.
653 2605 735 2736 „
872 2603 2830 2672 12526 (8376) Monasterii S. Martini in monte Pannoniae patrocinium suscipit, ac disci-
916 2663 2830 2733 plinam, bona, privilegia confirmat. Rainaldo abbati asserit mitram, virgam pasto-
919 2718 2828 2775 ralem, anulum aliaque insignia, a XL retro annis abbatibus monasterii concessa.
921 2771 2664 2833 Mon. Hung. hist. I. vI. 70, (Feiér C. D. H. II. 190). — „Quotiens illud a“.
340 2820 530 2972 „ 24.
653 2824 735 2912 „
872 2824 2828 2892 12527 Parthenoni Dodoniensi (corr. Dononiensi) bullam dat. Neues Archiv VII. 102.
919 2884 1575 2950 — „Prudentibus virginibus“.
645 2937 742 3051 „
870 2930 2832 3005 12528 Monasterii S. Mariae Holmecoltramensis protectionem suscipit, bonaque et privi-
916 2992 2828 3051 legia confirmat, petente Everardo abbate. (Pro „Dat. anno gratiae“ leg. „Dat.
923 3045 2777 3104 Anagniae“.) Monast. Anglic. nov. ed. V. 599. — „Religiosam vitam eligentibus“.
870 3096 2830 3162 12529 *Monasterium S. Edmundi a cuiusvis ecclesiasticae personae, praeterquam Romani
921 3155 2828 3224 pontificis vel legati eius a latere, iurisdictione eximit. Chronica locelini de Brake-
916 3213 1577 3277 londa ed. Rokewode p. 108.
837 3259 1067 3374 c. 1175.
870 3352 2828 3436 12530 (8378) Rogero, archiepiscopo Eboracensi, apostolicae sedis legato, et eius suc-
919 3420 2828 3493 cessoribus concedit, ut secundum privilegium ei quondam indultum „ante se per
919 3473 2823 3586 totam Angliam erucem deferant. quousque diffinitiva sententia decernatur; quid
1109 174 2023 276 ALEXANDER III. 1159—1181.
