<?xml version="1.0" encoding="UTF-8"  standalone="yes"?>
<PcGts xmlns="http://schema.primaresearch.org/PAGE/gts/pagecontent/2019-07-15" xmlns:xsi="http://www.w3.org/2001/XMLSchema-instance" xsi:schemaLocation="http://schema.primaresearch.org/PAGE/gts/pagecontent/2019-07-15 http://schema.primaresearch.org/PAGE/gts/pagecontent/2019-07-15/pagecontent.xsd">
  <Metadata>
	<Creator>escriptorium</Creator>
	<Created>2024-07-19T10:10:52.279444+00:00</Created>
        <LastChange>2024-08-08T08:39:13.195514+00:00</LastChange>
  </Metadata>
  <Page imageFilename="0300.png" imageWidth="3007" imageHeight="3975">
    <TextRegion id="eSc_textblock_56422f5f"  custom="structure {type:default;}">
      <Coords points="729,318 2724,326 2706,3416 2671,3548 698,3548 678,3310 651,3504 415,3513 395,2117 368,3513 150,3504 123,3195 123,653 238,510 203,501 229,459 185,439 212,412 185,353 386,344 395,715 397,344 660,335 678,362 729,318"/>
      <TextLine id="eSc_line_9be3a7a3" custom="structure {type:default;}">
        <Coords points="704,337 682,355 682,379 682,408 908,408 908,379 908,340 848,320 846,320 779,320 777,320 775,320 773,320 773,322 751,340 713,329 704,337"/>
        <Baseline points="682,379 908,379"/>
        <TextEquiv conf="0.9987180903553963">
          <Unicode>c. 1175.</Unicode>
        </TextEquiv>
      </TextLine>
      <TextLine id="eSc_line_2e81cd94" custom="structure {type:default;}">
        <Coords points="757,443 757,463 2675,472 2677,443 2675,386 2397,393 2386,386 2377,379 2375,379 2372,379 2207,379 2204,379 2202,379 2200,379 2189,388 2176,395 2056,395 2030,388 1988,379 1986,379 1984,379 1959,388 1944,395 1623,395 1610,390 1570,379 1568,379 1566,379 1564,379 1537,390 1528,393 1491,390 1376,382 1374,382 1292,390 1274,393 1272,390 1254,379 1252,379 1250,379 1248,379 1168,393 1159,393 1155,393 1120,379 1117,379 1115,379 1018,390 992,379 989,379 987,379 985,379 932,393 930,395 757,395 757,443"/>
        <Baseline points="757,443 2677,443"/>
        <TextEquiv conf="0.9981655499030804">
          <Unicode>ecclesia eius de iure debeat habere“. Gilberti Foliot epist. II. 71, Migne 200 p. 1038,</Unicode>
        </TextEquiv>
      </TextLine>
      <TextLine id="eSc_line_782369e1" custom="structure {type:default;}">
        <Coords points="762,501 762,521 2671,523 2675,494 2671,463 2021,452 2019,452 2017,452 1981,463 1946,452 1944,452 1942,452 1875,463 1789,452 1787,452 1785,452 1738,463 1705,452 1703,452 1701,452 1699,452 1696,452 1679,463 1584,452 1581,452 1579,452 1537,463 1400,452 1398,452 1323,463 1243,454 1241,454 1239,454 1237,454 1219,465 1212,465 1034,454 1031,454 1029,454 1027,454 1009,468 832,468 793,454 790,454 788,454 786,454 760,463 762,501"/>
        <Baseline points="762,501 2675,494"/>
        <TextEquiv conf="0.995104819904139">
          <Unicode>App. conc. Lat. L. 37, Coll. Cass. LV. 3, Comp. II. L. 2. t. 9. c. 1, Decr. Greg.</Unicode>
        </TextEquiv>
      </TextLine>
      <TextLine id="eSc_line_2afae473" custom="structure {type:default;}">
        <Coords points="760,552 760,576 2675,576 2675,552 2673,518 760,518 760,552"/>
        <Baseline points="760,552 2675,552"/>
        <TextEquiv conf="0.9952427507975162">
          <Unicode>L. II. t. 16. c. 1). — „A memoria nostra“ „A memoria vestra“ „Memoria nostra“.</Unicode>
        </TextEquiv>
      </TextLine>
      <TextLine id="eSc_line_8acb9f3e" custom="structure {type:default;}">
        <Coords points="713,607 713,629 2675,638 2677,607 2677,574 713,574 713,607"/>
        <Baseline points="713,607 2677,607"/>
        <TextEquiv conf="0.9983124263146345">
          <Unicode>12531 (8379) Monasterii S. Thomae de Paraclito (Ebleholtensis) protectionem suscipit,</Unicode>
        </TextEquiv>
      </TextLine>
      <TextLine id="eSc_line_31885032" custom="structure {type:default;}">
        <Coords points="762,664 762,695 1575,686 1672,695 1703,697 1705,697 1707,697 1710,697 1712,695 1732,684 2671,693 2675,660 2668,629 760,629 762,664"/>
        <Baseline points="762,664 2675,660"/>
        <TextEquiv conf="0.9980644068600218">
          <Unicode>possessionesque ac privilegia confirmat, petente Willelmo abbate. Langebek SS. R.</Unicode>
        </TextEquiv>
      </TextLine>
      <TextLine id="eSc_line_676bcc0c" custom="structure {type:default;}">
        <Coords points="762,717 762,755 2017,761 2019,761 2021,761 2023,761 2041,750 2043,750 2160,750 2160,717 2160,686 2136,675 2134,675 2132,675 2006,686 1957,675 1955,675 1953,675 1568,686 1489,675 1486,675 1358,686 1272,675 1270,675 1210,686 1036,675 1034,675 972,686 903,675 901,675 899,675 897,675 897,677 885,689 817,689 797,675 795,675 793,675 790,675 788,675 762,686 762,717"/>
        <Baseline points="762,717 2160,717"/>
        <TextEquiv conf="0.9924432177628789">
          <Unicode>Dan. VI. 135, Migne 200 p. 1039. — „Ad hoc universalis“.</Unicode>
        </TextEquiv>
      </TextLine>
      <TextLine id="eSc_line_1ad17ff6" custom="structure {type:default;}">
        <Coords points="680,810 680,830 1009,825 1009,806 1005,764 908,746 905,746 903,746 857,759 835,766 771,764 766,757 757,750 757,748 755,748 753,748 751,748 678,755 680,810"/>
        <Baseline points="680,810 1009,806"/>
        <TextEquiv conf="0.9999997019767761">
          <Unicode>1159—1176.</Unicode>
        </TextEquiv>
      </TextLine>
      <TextLine id="eSc_line_ff878b76" custom="structure {type:default;}">
        <Coords points="156,885 156,949 227,960 229,960 231,960 234,960 234,958 247,947 260,934 371,940 373,885 373,821 156,821 156,885"/>
        <Baseline points="156,885 373,885"/>
        <TextEquiv conf="0.9962866604328156">
          <Unicode>Ror. 21.</Unicode>
        </TextEquiv>
      </TextLine>
      <TextLine id="eSc_line_ba02482f" custom="structure {type:default;}">
        <Coords points="413,883 413,931 523,942 525,942 645,925 645,878 638,819 410,819 413,883"/>
        <Baseline points="413,883 645,878"/>
        <TextEquiv conf="0.9719902351498604">
          <Unicode>Anneniae</Unicode>
        </TextEquiv>
      </TextLine>
      <TextLine id="eSc_line_4e6b6601" custom="structure {type:default;}">
        <Coords points="711,883 711,907 2677,907 2677,874 2673,834 2330,823 2328,823 2112,832 2054,834 2034,832 1939,819 1937,819 1840,832 1836,832 1831,832 1763,819 1760,819 1758,819 1732,832 1725,834 1714,832 1665,821 1663,821 1517,832 1449,836 1407,832 1323,821 1321,821 709,830 711,883"/>
        <Baseline points="711,883 2677,874"/>
        <TextEquiv conf="0.999231487863204">
          <Unicode>12532 Segonensi et Nebulensi episcopis (Corsicae) mandat, curent, ne plebanus de Luri</Unicode>
        </TextEquiv>
      </TextLine>
      <TextLine id="eSc_line_b23f3cd5" custom="structure {type:default;}">
        <Coords points="762,936 762,960 2675,958 2677,929 2673,903 2039,892 2037,892 2034,892 2008,903 1506,894 1504,894 760,907 762,936"/>
        <Baseline points="762,936 2677,929"/>
        <TextEquiv conf="0.9999315768112371">
          <Unicode>monasterio S. Mariae Gorgonensi super decimis plebis S. Mariae de capite Corsicae</Unicode>
        </TextEquiv>
      </TextLine>
      <TextLine id="eSc_line_fe91d7a9" custom="structure {type:default;}">
        <Coords points="760,991 760,1013 2554,1009 2556,987 2549,958 757,960 760,991"/>
        <Baseline points="760,991 2556,987"/>
        <TextEquiv conf="0.9970459303794763">
          <Unicode>molestias inferat. Pflugk-Harttung Acta III. 238. — „Ex transmissis litteris“.</Unicode>
        </TextEquiv>
      </TextLine>
      <TextLine id="eSc_line_9a2a065e" custom="structure {type:default;}">
        <Coords points="715,1046 715,1068 2675,1071 2680,1042 2675,1011 713,1004 715,1046"/>
        <Baseline points="715,1046 2680,1042"/>
        <TextEquiv conf="0.9961302795527894">
          <Unicode>12533 Willelmo abbati et fratribus de Boquian bullam tribuit. (Fragmenta. Ex sub-</Unicode>
        </TextEquiv>
      </TextLine>
      <TextLine id="eSc_line_d0e9dba7" custom="structure {type:default;}">
        <Coords points="760,1101 760,1126 2675,1119 2677,1095 2673,1066 2050,1055 2048,1055 2045,1055 2017,1066 804,1060 802,1060 799,1060 757,1071 760,1101"/>
        <Baseline points="760,1101 2677,1095"/>
        <TextEquiv conf="0.9979130092789145">
          <Unicode>scriptione „Bernardi ep. Portuensis et S. Rufinae“ patet, bullam datam esse ante men-</Unicode>
        </TextEquiv>
      </TextLine>
      <TextLine id="eSc_line_c94efd30" custom="structure {type:default;}">
        <Coords points="156,1154 154,1181 362,1188 366,1159 364,1101 156,1099 156,1154"/>
        <Baseline points="156,1154 366,1159"/>
        <TextEquiv conf="0.9999931539808001">
          <Unicode>Dec. 5.</Unicode>
        </TextEquiv>
      </TextLine>
      <TextLine id="eSc_line_2050a079" custom="structure {type:default;}">
        <Coords points="488,1172 483,1227 574,1227 578,1177 578,1137 490,1110 488,1172"/>
        <Baseline points="488,1172 578,1177"/>
        <TextEquiv conf="1.0">
          <Unicode>„</Unicode>
        </TextEquiv>
      </TextLine>
      <TextLine id="eSc_line_aa63d9d3" custom="structure {type:default;}">
        <Coords points="762,1157 762,1177 2098,1183 2103,1152 2098,1124 1471,1113 1469,1113 1376,1124 883,1115 881,1115 760,1126 762,1157"/>
        <Baseline points="762,1157 2103,1152"/>
        <TextEquiv conf="0.9975424896587025">
          <Unicode>sem Dec. anni 1176.) Anciens évechés de Bret. III. 224.</Unicode>
        </TextEquiv>
      </TextLine>
      <TextLine id="eSc_line_ff486af6" custom="structure {type:default;}">
        <Coords points="715,1212 715,1234 2675,1238 2677,1212 2677,1177 715,1177 715,1212"/>
        <Baseline points="715,1212 2677,1212"/>
        <TextEquiv conf="0.9935047838422987">
          <Unicode>12534 Fratrum S. Andreae de Gufer possessiones in territorio de Maisnil confirmat, eosque,</Unicode>
        </TextEquiv>
      </TextLine>
      <TextLine id="eSc_line_ceb6a140" custom="structure {type:default;}">
        <Coords points="762,1269 762,1289 2675,1291 2680,1263 2675,1232 2050,1221 2048,1221 1946,1232 1429,1223 1427,1223 1425,1223 1385,1234 912,1225 910,1225 760,1236 762,1269"/>
        <Baseline points="762,1269 2680,1263"/>
        <TextEquiv conf="0.9963187828831289">
          <Unicode>cum sint de ordine Cisterciensi, a solvendis decumis eximit. Orig. in Arch.dép. du Cal-</Unicode>
        </TextEquiv>
      </TextLine>
      <TextLine id="eSc_line_d68216ca" custom="structure {type:default;}">
        <Coords points="762,1320 762,1347 2675,1358 2677,1320 2677,1289 762,1289 762,1320"/>
        <Baseline points="762,1320 2677,1320"/>
        <TextEquiv conf="0.9909719200695262">
          <Unicode>vados in Caen. Fonds de St.-André-en-Gouffern n. 12. — „Iustis petentium desideriis“.</Unicode>
        </TextEquiv>
      </TextLine>
      <TextLine id="eSc_line_dea0e7b5" custom="structure {type:default;}">
        <Coords points="676,1413 678,1457 702,1446 764,1453 788,1455 790,1455 793,1455 795,1455 795,1453 797,1450 806,1444 863,1448 954,1455 956,1455 958,1455 1016,1439 1016,1408 1011,1369 908,1351 905,1351 826,1371 819,1371 815,1371 718,1353 715,1353 713,1353 673,1369 676,1413"/>
        <Baseline points="676,1413 1016,1408"/>
        <TextEquiv conf="0.9998050332069397">
          <Unicode>1160— 1176.</Unicode>
        </TextEquiv>
      </TextLine>
      <TextLine id="eSc_line_4644013f" custom="structure {type:default;}">
        <Coords points="150,1490 150,1510 371,1506 371,1484 366,1444 148,1435 150,1490"/>
        <Baseline points="150,1490 371,1484"/>
        <TextEquiv conf="0.9945918387836881">
          <Unicode>Febr. 26.</Unicode>
        </TextEquiv>
      </TextLine>
      <TextLine id="eSc_line_ed9f4dc4" custom="structure {type:default;}">
        <Coords points="413,1490 413,1525 645,1525 645,1484 640,1446 556,1437 554,1437 410,1453 413,1490"/>
        <Baseline points="413,1490 645,1484"/>
        <TextEquiv conf="0.9999939948320389">
          <Unicode>Anagniae</Unicode>
        </TextEquiv>
      </TextLine>
      <TextLine id="eSc_line_53524bdc" custom="structure {type:default;}">
        <Coords points="709,1488 709,1510 2673,1514 2677,1481 2671,1435 707,1444 709,1488"/>
        <Baseline points="709,1488 2677,1481"/>
        <TextEquiv conf="0.9916558450176602">
          <Unicode>12535 Archiepiscopo Bracarensi eiusque suffraganeis „per iterata scripta“ mandat, ut</Unicode>
        </TextEquiv>
      </TextLine>
      <TextLine id="eSc_line_1b1e87e4" custom="structure {type:default;}">
        <Coords points="760,1543 760,1565 2673,1572 2677,1539 2671,1508 757,1510 760,1543"/>
        <Baseline points="760,1543 2677,1539"/>
        <TextEquiv conf="0.9999974809194866">
          <Unicode>archiepiscopo Toletano sicut primati obediant. (Fragmentum.) Pflugk-Harttung</Unicode>
        </TextEquiv>
      </TextLine>
      <TextLine id="eSc_line_ec3820ba" custom="structure {type:default;}">
        <Coords points="760,1596 760,1614 1562,1623 1564,1623 1566,1623 1612,1609 1612,1592 1606,1561 757,1561 760,1596"/>
        <Baseline points="760,1596 1612,1592"/>
        <TextEquiv conf="0.9990964549429276">
          <Unicode>Acta III. 238. — „Cum a patribus“.</Unicode>
        </TextEquiv>
      </TextLine>
      <TextLine id="eSc_line_1373f7b2" custom="structure {type:default;}">
        <Coords points="154,1649 152,1687 243,1698 245,1698 364,1682 366,1654 364,1612 154,1603 154,1649"/>
        <Baseline points="154,1649 366,1654"/>
        <TextEquiv conf="0.9999203979969025">
          <Unicode>Mart. 8.</Unicode>
        </TextEquiv>
      </TextLine>
      <TextLine id="eSc_line_fd995663" custom="structure {type:default;}">
        <Coords points="497,1691 581,1707 583,1671 583,1640 499,1618 497,1671 497,1691"/>
        <Baseline points="497,1671 583,1671"/>
        <TextEquiv conf="0.999997615814209">
          <Unicode>„</Unicode>
        </TextEquiv>
      </TextLine>
      <TextLine id="eSc_line_f2346689" custom="structure {type:default;}">
        <Coords points="711,1649 711,1676 2677,1676 2680,1649 2677,1616 711,1609 711,1649"/>
        <Baseline points="711,1649 2680,1649"/>
        <TextEquiv conf="0.9993040372685689">
          <Unicode>12536 (8381) Monasterio S. Bertini Sithiensi „molituram annonae de ministeriali b.</Unicode>
        </TextEquiv>
      </TextLine>
      <TextLine id="eSc_line_06ac42e0" custom="structure {type:default;}">
        <Coords points="760,1707 760,1737 2662,1737 2662,1735 2664,1735 2666,1735 2680,1724 2680,1700 2675,1671 2061,1660 2059,1660 2056,1660 2037,1671 2032,1673 757,1673 760,1707"/>
        <Baseline points="760,1707 2680,1700"/>
        <TextEquiv conf="0.9993645703091341">
          <Unicode>Bertini in villa S. Audomari“ asserit. Collection des Cartulaires III. 353, Migne 200</Unicode>
        </TextEquiv>
      </TextLine>
      <TextLine id="eSc_line_5d59f2d3" custom="structure {type:default;}">
        <Coords points="760,1764 760,1784 1199,1793 1201,1793 1204,1793 1206,1793 1206,1790 1215,1784 1230,1793 1232,1793 1235,1793 1237,1793 1431,1779 1455,1779 1458,1779 1482,1790 1484,1790 1486,1793 1652,1793 1652,1790 1718,1777 1721,1760 1716,1729 855,1720 852,1720 757,1731 760,1764"/>
        <Baseline points="760,1764 1721,1760"/>
        <TextEquiv conf="0.9978604723767537">
          <Unicode>p. 1041. — „Iustis petentium desideriis“.</Unicode>
        </TextEquiv>
      </TextLine>
      <TextLine id="eSc_line_dafedafb" custom="structure {type:default;}">
        <Coords points="190,1824 192,1861 249,1839 285,1852 296,1857 298,1857 300,1857 368,1843 368,1817 364,1775 187,1766 190,1824"/>
        <Baseline points="190,1824 368,1817"/>
        <TextEquiv conf="0.999998927116394">
          <Unicode>„ 12.</Unicode>
        </TextEquiv>
      </TextLine>
      <TextLine id="eSc_line_7b41cb96" custom="structure {type:default;}">
        <Coords points="503,1832 503,1874 574,1868 574,1832 574,1766 503,1766 503,1832"/>
        <Baseline points="503,1832 574,1832"/>
        <TextEquiv conf="1.0">
          <Unicode>„</Unicode>
        </TextEquiv>
      </TextLine>
      <TextLine id="eSc_line_4e044f91" custom="structure {type:default;}">
        <Coords points="709,1817 709,1843 2675,1841 2677,1817 2675,1782 709,1773 709,1817"/>
        <Baseline points="709,1817 2677,1817"/>
        <TextEquiv conf="0.9856557222618454">
          <Unicode>12537 (8382) Ecclesiae Ulciensis protectionem suscipit. Ulciensis eccl. chartar. p. 19.</Unicode>
        </TextEquiv>
      </TextLine>
      <TextLine id="eSc_line_0aa0a3ba" custom="structure {type:default;}">
        <Coords points="762,1872 762,1890 835,1890 837,1890 848,1901 848,1903 850,1903 852,1903 855,1903 921,1890 923,1890 950,1903 952,1903 954,1903 1356,1901 1358,1901 1414,1885 1414,1868 1407,1839 760,1839 762,1872"/>
        <Baseline points="762,1872 1414,1868"/>
        <TextEquiv conf="0.9894820703909948">
          <Unicode>— „Si quando postulantnr“.</Unicode>
        </TextEquiv>
      </TextLine>
      <TextLine id="eSc_line_e02f0220" custom="structure {type:default;}">
        <Coords points="185,1934 185,1954 366,1952 366,1925 360,1888 181,1890 185,1934"/>
        <Baseline points="185,1934 366,1925"/>
        <TextEquiv conf="0.9999998092651368">
          <Unicode>„ 13.</Unicode>
        </TextEquiv>
      </TextLine>
      <TextLine id="eSc_line_9eec904a" custom="structure {type:default;}">
        <Coords points="494,1945 494,2000 576,2005 578,1945 578,1885 494,1868 494,1945"/>
        <Baseline points="494,1945 578,1945"/>
        <TextEquiv conf="1.0">
          <Unicode>„</Unicode>
        </TextEquiv>
      </TextLine>
      <TextLine id="eSc_line_064e0f2e" custom="structure {type:default;}">
        <Coords points="711,1927 711,1949 2673,1952 2677,1921 2673,1888 709,1883 711,1927"/>
        <Baseline points="711,1927 2677,1921"/>
        <TextEquiv conf="0.99072122137721">
          <Unicode>12538 Monasterio Carrofensi asserit ecclesiam de Mousadano, ab episcopo Petragori-</Unicode>
        </TextEquiv>
      </TextLine>
      <TextLine id="eSc_line_eb72a339" custom="structure {type:default;}">
        <Coords points="760,1980 760,2009 2677,2007 2677,1980 2675,1949 760,1949 760,1980"/>
        <Baseline points="760,1980 2677,1980"/>
        <TextEquiv conf="0.9961211182177067">
          <Unicode>censi concessam. In bibl. nat. Paris. ms. lat. 18379. (Dom Fonteneau IV.) f. 43.</Unicode>
        </TextEquiv>
      </TextLine>
      <TextLine id="eSc_line_914b5151" custom="structure {type:default;}">
        <Coords points="762,2036 762,2055 1117,2067 1120,2067 1500,2051 1502,2031 1495,1991 760,2002 762,2036"/>
        <Baseline points="762,2036 1502,2031"/>
        <TextEquiv conf="0.9979582466185093">
          <Unicode>— „Iustis petentium desideriis“.</Unicode>
        </TextEquiv>
      </TextLine>
      <TextLine id="eSc_line_32d33c40" custom="structure {type:default;}">
        <Coords points="187,2097 187,2128 218,2131 220,2131 223,2131 225,2131 225,2128 227,2126 243,2113 278,2124 293,2128 296,2128 298,2128 368,2117 368,2093 364,2060 287,2049 285,2049 185,2062 187,2097"/>
        <Baseline points="187,2097 368,2093"/>
        <TextEquiv conf="1.0">
          <Unicode>„ 16.</Unicode>
        </TextEquiv>
      </TextLine>
      <TextLine id="eSc_line_94053f60" custom="structure {type:default;}">
        <Coords points="497,2111 499,2170 583,2175 583,2106 576,2058 492,2067 497,2111"/>
        <Baseline points="497,2111 583,2106"/>
        <TextEquiv conf="1.0">
          <Unicode>„</Unicode>
        </TextEquiv>
      </TextLine>
      <TextLine id="eSc_line_41bf3959" custom="structure {type:default;}">
        <Coords points="711,2091 711,2117 2675,2117 2677,2086 2673,2053 709,2053 711,2091"/>
        <Baseline points="711,2091 2677,2086"/>
        <TextEquiv conf="0.9996239273321061">
          <Unicode>12539 Petro praeposito et fratribus S. Egidii Verracensibus petentibus concedit, „ne</Unicode>
        </TextEquiv>
      </TextLine>
      <TextLine id="eSc_line_c0f8e04c" custom="structure {type:default;}">
        <Coords points="762,2146 762,2170 2677,2168 2677,2146 2675,2115 762,2115 762,2146"/>
        <Baseline points="762,2146 2677,2146"/>
        <TextEquiv conf="0.9999985893567404">
          <Unicode>quis post factam in ecclesia eorum professionem proprium habere praesumat, aut</Unicode>
        </TextEquiv>
      </TextLine>
      <TextLine id="eSc_line_eb1cc38c" custom="structure {type:default;}">
        <Coords points="762,2201 762,2226 2677,2221 2680,2197 2673,2168 760,2170 762,2201"/>
        <Baseline points="762,2201 2680,2197"/>
        <TextEquiv conf="0.9935869093645703">
          <Unicode>sine cautione communi litterarum nisi obtentu arctioris religionis de claustro discedere</Unicode>
        </TextEquiv>
      </TextLine>
      <TextLine id="eSc_line_3df47ef5" custom="structure {type:default;}">
        <Coords points="760,2259 760,2281 2675,2279 2677,2252 2671,2219 757,2226 760,2259"/>
        <Baseline points="760,2259 2677,2252"/>
        <TextEquiv conf="0.9936293040413454">
          <Unicode>nec discedentem aliquis audeat recipere“, cet. Hist. Patr. Mon. Chart. II. 156, ubi</Unicode>
        </TextEquiv>
      </TextLine>
      <TextLine id="eSc_line_7afeafd8" custom="structure {type:default;}">
        <Coords points="760,2312 760,2334 2284,2338 2286,2312 2286,2281 760,2279 760,2312"/>
        <Baseline points="760,2312 2286,2312"/>
        <TextEquiv conf="0.9942035377025604">
          <Unicode>perperam epistola Alexandro II. ascribitur. — „Cum sitis divinis“.</Unicode>
        </TextEquiv>
      </TextLine>
      <TextLine id="eSc_line_cf435bcd" custom="structure {type:default;}">
        <Coords points="187,2371 187,2396 196,2404 198,2404 201,2404 203,2404 205,2404 227,2393 229,2393 366,2402 368,2371 366,2318 187,2329 187,2371"/>
        <Baseline points="187,2371 368,2371"/>
        <TextEquiv conf="0.9838746547698974">
          <Unicode>„ 17.</Unicode>
        </TextEquiv>
      </TextLine>
      <TextLine id="eSc_line_a208c91e" custom="structure {type:default;}">
        <Coords points="497,2385 497,2442 585,2449 587,2385 587,2347 517,2336 514,2336 512,2336 510,2336 497,2345 497,2385"/>
        <Baseline points="497,2385 587,2385"/>
        <TextEquiv conf="1.0">
          <Unicode>„</Unicode>
        </TextEquiv>
      </TextLine>
      <TextLine id="eSc_line_549550c6" custom="structure {type:default;}">
        <Coords points="709,2360 707,2385 2675,2389 2680,2365 2677,2329 709,2329 709,2360"/>
        <Baseline points="709,2360 2680,2365"/>
        <TextEquiv conf="0.9995675297772012">
          <Unicode>12540 (Arnulfo) Lexoviensi et Ebroicensi episcopis mandat, ut monasterii Beccensis</Unicode>
        </TextEquiv>
      </TextLine>
      <TextLine id="eSc_line_3c824b43" custom="structure {type:default;}">
        <Coords points="760,2424 760,2451 2675,2440 2677,2418 2673,2389 757,2389 760,2424"/>
        <Baseline points="760,2424 2677,2418"/>
        <TextEquiv conf="0.9962107118887779">
          <Unicode>presbyteros in eorum episcopatibus constitutos ad solvendum monasterio debitum</Unicode>
        </TextEquiv>
      </TextLine>
      <TextLine id="eSc_line_34b9a401" custom="structure {type:default;}">
        <Coords points="760,2475 760,2502 2432,2495 2432,2475 2430,2444 760,2444 760,2475"/>
        <Baseline points="760,2475 2432,2475"/>
        <TextEquiv conf="0.992714127978763">
          <Unicode>cogant. In bibl. nat. Paris. ms. lat. 13905. f. 2. — „Significavit nobis“.</Unicode>
        </TextEquiv>
      </TextLine>
      <TextLine id="eSc_line_5268353b" custom="structure {type:default;}">
        <Coords points="190,2537 192,2568 245,2552 285,2557 342,2566 344,2566 346,2566 349,2566 368,2550 368,2532 364,2497 289,2486 287,2486 285,2486 282,2486 282,2488 265,2502 260,2508 187,2508 190,2537"/>
        <Baseline points="190,2537 368,2532"/>
        <TextEquiv conf="0.9999978065490722">
          <Unicode>„ 18.</Unicode>
        </TextEquiv>
      </TextLine>
      <TextLine id="eSc_line_01e7199b" custom="structure {type:default;}">
        <Coords points="497,2548 497,2563 589,2563 589,2544 587,2506 545,2495 543,2495 541,2495 539,2495 494,2508 497,2548"/>
        <Baseline points="497,2548 589,2544"/>
        <TextEquiv conf="1.0">
          <Unicode>„</Unicode>
        </TextEquiv>
      </TextLine>
      <TextLine id="eSc_line_07b62391" custom="structure {type:default;}">
        <Coords points="709,2530 709,2557 2677,2552 2680,2526 2675,2495 707,2493 709,2530"/>
        <Baseline points="709,2530 2680,2526"/>
        <TextEquiv conf="0.9997091742122874">
          <Unicode>12541 Militiae templi Hierosolymitani indulget, ut „ad ferendum testimonium in causis</Unicode>
        </TextEquiv>
      </TextLine>
      <TextLine id="eSc_line_f72a0c1c" custom="structure {type:default;}">
        <Coords points="762,2588 762,2619 2673,2614 2675,2581 2668,2550 760,2550 762,2588"/>
        <Baseline points="762,2588 2675,2581"/>
        <TextEquiv conf="0.9994189092911869">
          <Unicode>propriis“ fratres suos producere possint. Prutz Malteser Urk. p. 29 not., et p. 38,</Unicode>
        </TextEquiv>
      </TextLine>
      <TextLine id="eSc_line_6029444b" custom="structure {type:default;}">
        <Coords points="760,2641 760,2663 1798,2663 1798,2641 1798,2612 760,2610 760,2641"/>
        <Baseline points="760,2641 1798,2641"/>
        <TextEquiv conf="0.9946347190575167">
          <Unicode>idem ap. Löher Arch. Zeitschr. VIII. 91 not.</Unicode>
        </TextEquiv>
      </TextLine>
      <TextLine id="eSc_line_626d9b8e" custom="structure {type:default;}">
        <Coords points="190,2703 190,2725 364,2716 364,2696 360,2647 291,2636 289,2636 287,2636 285,2636 267,2652 262,2656 187,2656 190,2703"/>
        <Baseline points="190,2703 364,2696"/>
        <TextEquiv conf="0.9998889088630676">
          <Unicode>„ 23.</Unicode>
        </TextEquiv>
      </TextLine>
      <TextLine id="eSc_line_775dce54" custom="structure {type:default;}">
        <Coords points="494,2714 494,2729 592,2729 592,2709 587,2667 534,2654 532,2654 530,2654 492,2669 494,2714"/>
        <Baseline points="494,2714 592,2709"/>
        <TextEquiv conf="1.0">
          <Unicode>„</Unicode>
        </TextEquiv>
      </TextLine>
      <TextLine id="eSc_line_8b60a385" custom="structure {type:default;}">
        <Coords points="711,2696 711,2720 2677,2716 2680,2691 2675,2661 709,2658 711,2696"/>
        <Baseline points="711,2696 2680,2691"/>
        <TextEquiv conf="0.9909402359099615">
          <Unicode>12542 (8383) Rectores Lombardiae monet, ut cives Mutinenses ab infestando monasterio</Unicode>
        </TextEquiv>
      </TextLine>
      <TextLine id="eSc_line_cadbf16b" custom="structure {type:default;}">
        <Coords points="760,2751 760,2775 2675,2771 2677,2744 2671,2714 757,2714 760,2751"/>
        <Baseline points="760,2751 2677,2744"/>
        <TextEquiv conf="0.9999624687082628">
          <Unicode>Nonantulano dehortentur, ac de quadraginta obsidibus, ex monasterio receptis, viginti</Unicode>
        </TextEquiv>
      </TextLine>
      <TextLine id="eSc_line_38532200" custom="structure {type:default;}">
        <Coords points="760,2806 760,2828 2675,2824 2677,2802 2673,2771 779,2764 777,2764 775,2764 773,2764 757,2771 760,2806"/>
        <Baseline points="760,2806 2677,2802"/>
        <TextEquiv conf="0.9977699781573096">
          <Unicode>dimittant. Tiraboschi St. di Non. II. 273, Migne 200 p. 1042. — „Quanto Nonantulanum“.</Unicode>
        </TextEquiv>
      </TextLine>
      <TextLine id="eSc_line_536e300d" custom="structure {type:default;}">
        <Coords points="190,2866 190,2888 364,2890 366,2859 362,2824 280,2809 278,2809 276,2809 273,2809 245,2826 245,2828 187,2828 190,2866"/>
        <Baseline points="190,2866 366,2859"/>
        <TextEquiv conf="0.9604671478271485">
          <Unicode>„ 28.</Unicode>
        </TextEquiv>
      </TextLine>
      <TextLine id="eSc_line_c1f624ce" custom="structure {type:default;}">
        <Coords points="488,2877 490,2943 596,2932 594,2873 587,2835 486,2837 488,2877"/>
        <Baseline points="488,2877 594,2873"/>
        <TextEquiv conf="1.0">
          <Unicode>„</Unicode>
        </TextEquiv>
      </TextLine>
      <TextLine id="eSc_line_1a8e862a" custom="structure {type:default;}">
        <Coords points="709,2859 709,2886 2675,2886 2677,2859 2675,2828 709,2828 709,2859"/>
        <Baseline points="709,2859 2677,2859"/>
        <TextEquiv conf="0.995553848289308">
          <Unicode>12543 A(lano) abbate et fratribus de Gofer (vel Silleio) petentibus, monasterii pro-</Unicode>
        </TextEquiv>
      </TextLine>
      <TextLine id="eSc_line_6df203cf" custom="structure {type:default;}">
        <Coords points="760,2912 760,2939 2677,2939 2677,2912 2677,2884 760,2879 760,2912"/>
        <Baseline points="760,2912 2677,2912"/>
        <TextEquiv conf="0.999487450435048">
          <Unicode>tectionem suscipit, regulam Praemonstratensem ecclesiamque S. Leonardi et alia quae-</Unicode>
        </TextEquiv>
      </TextLine>
      <TextLine id="eSc_line_3f0fa944" custom="structure {type:default;}">
        <Coords points="760,2965 760,2994 1634,2994 1782,3005 1785,3007 2090,3007 2090,3005 2092,3005 2094,3005 2109,2994 2187,3005 2189,3005 2260,2994 2629,3005 2631,3005 2633,3005 2677,2992 2680,2970 2677,2941 760,2930 760,2965"/>
        <Baseline points="760,2965 2680,2970"/>
        <TextEquiv conf="0.9971950280515454">
          <Unicode>dam confirmat. Orig. in Arch. dép. de FOrne in Alencon. Fonds de Silly. — „Piis</Unicode>
        </TextEquiv>
      </TextLine>
      <TextLine id="eSc_line_935ce698" custom="structure {type:default;}">
        <Coords points="757,3023 757,3040 857,3054 859,3054 1170,3040 1170,3023 1170,2992 757,2992 757,3023"/>
        <Baseline points="757,3023 1170,3023"/>
        <TextEquiv conf="0.9817682034090945">
          <Unicode>et rationabilibus“.</Unicode>
        </TextEquiv>
      </TextLine>
      <TextLine id="eSc_line_472ae6ab" custom="structure {type:default;}">
        <Coords points="190,3082 190,3102 342,3107 344,3107 346,3107 371,3093 371,3078 366,3034 289,3025 287,3025 285,3025 260,3038 254,3043 187,3043 190,3082"/>
        <Baseline points="190,3082 371,3078"/>
        <TextEquiv conf="0.999999713897705">
          <Unicode>„ 28.</Unicode>
        </TextEquiv>
      </TextLine>
      <TextLine id="eSc_line_066a53db" custom="structure {type:default;}">
        <Coords points="501,3089 497,3155 574,3164 581,3093 581,3045 503,3040 501,3089"/>
        <Baseline points="501,3089 581,3093"/>
        <TextEquiv conf="0.9999988079071045">
          <Unicode>„</Unicode>
        </TextEquiv>
      </TextLine>
      <TextLine id="eSc_line_9387fa63" custom="structure {type:default;}">
        <Coords points="709,3078 709,3102 2673,3107 2677,3078 2675,3043 709,3040 709,3078"/>
        <Baseline points="709,3078 2677,3078"/>
        <TextEquiv conf="0.9874539644252963">
          <Unicode>12544 Canonicis S. Nicolai Catalaunensibus privilegium dat. Neues Archiv VII. 102.</Unicode>
        </TextEquiv>
      </TextLine>
      <TextLine id="eSc_line_5286538b" custom="structure {type:default;}">
        <Coords points="762,3133 762,3153 1011,3164 1014,3164 1268,3149 1270,3129 1263,3096 760,3102 762,3133"/>
        <Baseline points="762,3133 1270,3129"/>
        <TextEquiv conf="0.9902449250221252">
          <Unicode>— „Iustis petentium“.</Unicode>
        </TextEquiv>
      </TextLine>
      <TextLine id="eSc_line_63d53b2a" custom="structure {type:default;}">
        <Coords points="366,3160 364,3135 187,3146 190,3193 190,3213 371,3213 371,3186 368,3177 366,3160"/>
        <Baseline points="190,3193 371,3186"/>
        <TextEquiv conf="1.0">
          <Unicode>„ 29.</Unicode>
        </TextEquiv>
      </TextLine>
      <TextLine id="eSc_line_65de3b12" custom="structure {type:default;}">
        <Coords points="499,3199 497,3213 578,3213 581,3204 583,3160 534,3140 532,3140 530,3140 499,3144 499,3199"/>
        <Baseline points="499,3199 581,3204"/>
        <TextEquiv conf="0.996444046497345">
          <Unicode>„</Unicode>
        </TextEquiv>
      </TextLine>
      <TextLine id="eSc_line_b2b3b418" custom="structure {type:default;}">
        <Coords points="711,3182 709,3208 2668,3213 2673,3188 2671,3146 711,3144 711,3182"/>
        <Baseline points="711,3182 2673,3188"/>
        <TextEquiv conf="0.996148872088237">
          <Unicode>12545 Monasterii Tutelensis ecclesias quasdam confirmat, petente Geraudo abbate. Ex</Unicode>
        </TextEquiv>
      </TextLine>
      <TextLine id="eSc_line_e752152b" custom="structure {type:default;}">
        <Coords points="757,3239 755,3259 2615,3263 2620,3244 2618,3213 757,3208 757,3239"/>
        <Baseline points="757,3239 2620,3244"/>
        <TextEquiv conf="0.9995875217020511">
          <Unicode>Coll. Doat. t. 125. f. 236 in bibl. nat. Paris. Misit Delisle. — „Cum teneamur“.</Unicode>
        </TextEquiv>
      </TextLine>
      <TextLine id="eSc_line_4ab1a3a6" custom="structure {type:default;}">
        <Coords points="190,3303 192,3367 231,3356 260,3365 269,3367 271,3367 273,3367 276,3367 293,3363 338,3352 366,3358 371,3297 366,3255 291,3241 289,3241 287,3241 256,3257 254,3259 187,3259 190,3303"/>
        <Baseline points="190,3303 371,3297"/>
        <TextEquiv conf="0.9890603184700012">
          <Unicode>„ 50.</Unicode>
        </TextEquiv>
      </TextLine>
      <TextLine id="eSc_line_7b40236a" custom="structure {type:default;}">
        <Coords points="481,3314 483,3374 554,3356 585,3369 589,3310 585,3250 477,3250 481,3314"/>
        <Baseline points="481,3314 589,3310"/>
        <TextEquiv conf="1.0">
          <Unicode>„</Unicode>
        </TextEquiv>
      </TextLine>
      <TextLine id="eSc_line_2c16bfde" custom="structure {type:default;}">
        <Coords points="713,3297 713,3323 2675,3323 2675,3297 2673,3259 713,3261 713,3297"/>
        <Baseline points="713,3297 2675,3297"/>
        <TextEquiv conf="0.9948244766257275">
          <Unicode>12546 R(ogero), archiepiscopo Eboracensi, apost. sed. legato, mandat, statuat cum capi-</Unicode>
        </TextEquiv>
      </TextLine>
      <TextLine id="eSc_line_fbfc0a5c" custom="structure {type:default;}">
        <Coords points="762,3352 762,3376 2673,3374 2673,3352 2673,3323 762,3323 762,3352"/>
        <Baseline points="762,3352 2673,3352"/>
        <TextEquiv conf="0.995871145834868">
          <Unicode>tulo ecclesiae, „ut in maiori altari ipsius ecclesiae nemo nisi episcopus vel canonicus</Unicode>
        </TextEquiv>
      </TextLine>
      <TextLine id="eSc_line_b805b63d" custom="structure {type:default;}">
        <Coords points="760,3407 760,3431 2671,3427 2673,3403 2668,3372 757,3372 760,3407"/>
        <Baseline points="760,3407 2673,3403"/>
        <TextEquiv conf="0.9996914346534086">
          <Unicode>eiusdem ecclesiae celebrare audeat, nec aliqui in missa, quae in praescripto altari</Unicode>
        </TextEquiv>
      </TextLine>
      <TextLine id="eSc_line_6f6d79ec" custom="structure {type:default;}">
        <Coords points="760,3458 760,3486 2673,3486 2673,3458 2673,3431 760,3429 760,3458"/>
        <Baseline points="760,3458 2673,3458"/>
        <TextEquiv conf="0.9955777641047131">
          <Unicode>celebratur, evangelium vel epistolam, nisi eiusdem ecclesiae sint canonici, legere prae-</Unicode>
        </TextEquiv>
      </TextLine>
      <TextLine id="eSc_line_5effa05a" custom="structure {type:default;}">
        <Coords points="760,3515 760,3570 806,3584 808,3584 810,3584 813,3584 839,3573 857,3564 1071,3564 1093,3573 1120,3584 1122,3584 1124,3584 1126,3584 1129,3584 1144,3573 1159,3564 1277,3564 1292,3573 1303,3581 1305,3581 1307,3581 1389,3584 1391,3584 1394,3584 1425,3575 1462,3564 1555,3564 1577,3575 1595,3584 1597,3584 1599,3586 1833,3586 1833,3584 1836,3584 1858,3577 1897,3564 1988,3564 2014,3577 2030,3584 2032,3584 2034,3584 2109,3577 2189,3570 2204,3577 2213,3581 2216,3581 2218,3581 2220,3581 2222,3581 2227,3577 2244,3566 2264,3577 2275,3584 2277,3584 2280,3586 2425,3586 2425,3584 2428,3584 2443,3579 2492,3564 2554,3579 2576,3584 2578,3584 2580,3584 2591,3579 2626,3566 2664,3579 2668,3515 2666,3482 760,3484 760,3515"/>
        <Baseline points="760,3515 2668,3515"/>
        <TextEquiv conf="0.9785193458199501">
          <Unicode>sumant“. (Suspecta.) Pabric rolls in Fork Minster p. 145. — „Cum ecclesia tibi“.</Unicode>
        </TextEquiv>
      </TextLine>
    </TextRegion>
    <TextRegion id="eSc_textblock_d99f53be"  custom="structure {type:default;}">
      <Coords points="956,159 1869,159 1904,245 1869,271 963,271 919,227 956,159"/>
      <TextLine id="eSc_line_888b39fa" custom="structure {type:default;}">
        <Coords points="947,238 947,253 1148,267 1151,267 1469,251 1595,262 1597,262 1663,249 1853,260 1855,260 1858,260 1860,260 1860,258 1869,249 1869,229 1864,183 1798,170 1796,170 1794,170 1774,178 1741,163 1738,163 1736,163 1734,163 1732,163 1705,181 1597,167 1595,167 1592,167 1590,167 1590,170 1575,183 1491,172 1489,172 1486,172 1442,183 1409,163 1407,163 1405,163 1402,163 1400,163 1354,185 1277,165 1274,165 1179,165 1177,165 1087,178 1011,167 1009,167 1007,167 945,189 947,238"/>
        <Baseline points="947,238 1869,229"/>
        <TextEquiv conf="0.9991705131530761">
          <Unicode>ALEXANDER III. 1159—1181.</Unicode>
        </TextEquiv>
      </TextLine>
    </TextRegion>
    <TextRegion id="eSc_textblock_753f57c7"  custom="structure {type:default;}">
      <Coords points="2580,159 2724,176 2724,245 2540,262 2523,176 2580,159"/>
      <TextLine id="eSc_line_cb755ce3" custom="structure {type:default;}">
        <Coords points="2554,238 2554,258 2675,258 2675,231 2668,174 2549,178 2554,238"/>
        <Baseline points="2554,238 2675,231"/>
        <TextEquiv conf="1.0">
          <Unicode>287</Unicode>
        </TextEquiv>
      </TextLine>
    </TextRegion>
  </Page>
</PcGts>
