3007 3975
304 178 435 267 288
850 322 1193 410 1160—1176.
324 393 547 485 Mart. 30.
585 373 819 485 Anagniae.
881 386 2850 477 12547 Amatoni abbati et fratribus S. Petri de Villa magna. Sic ap. Pfluglt--Harttung
932 463 1745 534 Iter p. 275. — „Iustis petentium“.
307 525 558 605 Mart. Apr.
883 525 2852 591 12548 *Fratribus Massiliensibus significat, se villae Chiriacensis (Quiriacensis) tutelam
665 518 760 598 „
934 580 2850 649 suscipere. („III. kal. non. Apr.“) Coll. des Cartulaires IX. 368. — „Rationabilibus“.
883 640 2854 715 12549 Bullae hoc die datae pro ecclesia, ut videtur, Lucensi meminit Holder-Egger
326 627 547 748 Apr. 11.
665 631 764 744 „
932 693 2246 761 ex cod. capituli Luc. 618, in Neues Archiv XI. 263 not.
885 757 2856 828 12550 Monachis et presbyteris ecclesiae b. Petri de Baresma et S. Laurentii de Lun-
364 748 541 863 „ 18.
669 770 766 861 „
934 819 2856 883 giaco asserit „debitum obsequium, quod in obsequiis defunctorum et processionibus
936 885 2854 945 consueverint percipere“. Ex Coll. Housseau V. n. 1817 in bibl. nat. Paris. Misit
932 931 1646 1004 Delisle. — „Congruam officii“.
885 989 2854 1071 12551 Archiepiscopis, episcopis, archidiaconis et aliis ecclesiarum praelatis, in quorum
362 956 543 1086 „ 20.
662 1004 762 1084 „
938 1055 2854 1117 parochiis possessiones monasterii Malmesburiensis consistant, significat, sese fratribus
936 1113 2854 1168 Malmesburiensibus indulsisse, ut monasterii malefactores excommunicationis vel inter-
936 1170 2856 1223 dicti sententia ferirent. Praecipit, ut sententiam ab eis promulgatam observent faciant-
938 1223 2626 1291 que observari. Registrum Malmesbur. I. 367. — „Quando monasterium“.
888 1280 2856 1355 12552 (8384) Universis episcopis per Rotomagensem provinciam constitutis praecipit,
366 1249 547 1382 „ 22.
669 1287 760 1395 „
936 1342 2856 1397 ut excommunicationis et interdicti sententias ab ecclesia Rotomagensi prolatas ob-
936 1395 2856 1466 servent. Bessin Conc. Rot. I. 83, Bouquet Rec. XV. 932, Mansi XXI. 1068, Migne
938 1450 2023 1519 200 p. 1042. — „Cum ecclesia Rotomagensis“.
888 1501 2856 1574 12553 Abbati et fratribus S. Ebrulfi concedit, ne de novalibus, quae propriis manibus
362 1446 545 1594 „22.
665 1431 755 1623 „
934 1561 2856 1623 aut sumptibus colant, sive de nutrimentis animalium solvant aut decumas aut pri-
936 1618 2854 1684 micias. Ex chartul. S. Ebr. ms. lat. 11056. n. 1082 in bibl. nat. Paris. Misit Delisle.
936 1676 1679 1729 — „Iustis petentium desideriis“.
888 1720 2856 1786 12554 Cappellanis Laudunensibus concedit, ne quis eis „indebitas exactiones vel quae-
362 1724 547 1802 „ 23.
669 1733 760 1804 „
934 1779 2854 1846 libet gravamina irrogare“ debeat. Autogr. in bibl. nat. Paris. Coll. Grenier t. 286.
934 1828 1654 1899 n. 4. — „Rationabilibus votis“.
885 1883 2856 1956 12555 (8385) Episcopo Suessionensi mandat, hortetur Wa. abbatem Dorbacensem, ut
362 1866 547 1961 „ 25.
665 1868 762 2044 „
938 1936 2854 2007 A. Hierosolymis reducem, in monasterio, in quo monasticum habitum susceperit,
936 1998 2854 2064 recipiat. Duchesne Hist. Fr. SS. IV. 607, Bouquet Rec. XV. 933, Mansi XXI. 997,
936 2051 2090 2117 Migne 200 p. 1043. — „Latoris praesentium A.“.
888 2104 2856 2175 12556 (8386) Ecclesiae S. Mariae Corbeliensis, monasterio S. Dionysii subiectae, iura
364 2067 547 2186 „ 26.
669 2113 757 2188 „
938 2161 2856 2228 quaedam confirmat. Doublet Hist. de St. Denys p. 509, Coüard-Luys Cart. de St.-Spire
941 2226 2434 2276 de Corbeil p. 31, Migne 200 p. 1043. — „Cum ecclesia vestra“.
368 2241 550 2351 „ 27.
890 2267 2856 2338 12557 Monasterio S. Florentii Salmuriensi ecclesias quasdam asserit. Archives hist. de
678 2281 762 2354 „
941 2323 2174 2387 la Saintonge IV. 55. — „Iustis petentium desideriis“.
890 2376 2856 2446 12558 Archiepiscopis et episcopis mandat, ne malefactores ecclesiae S. Martini Turo-
366 2369 545 2466 „ 28.
667 2382 768 2455 „
941 2438 2854 2499 nensis, si excommunicati fuerint, absolvant, donec satisfecerint. In bibl. nat. Paris.
938 2497 2052 2550 Coll. Baluxe t. 76. f. 360. — „Nullus vestrum“.
890 2544 2856 2612 12559 Cellerarii S. Martini Turonensis constitutionem super cereis procurandis, assensu
364 2475 545 2625 „ „„
667 2546 773 2643 „
938 2599 2856 2674 capituli factam, approbat. In bibl. nat. Paris. Coll. Baluze t. 76. f. 361. — „Signi-
936 2658 1265 2725 ficavit nobis“.
890 2696 2856 2775 12560 Abbati et fratribus S. Ebrulfi asserit centum solidos sterlingorum a domino de
368 2707 550 2784 „ 29.
667 2716 777 2789 „
943 2764 2856 2837 Ferrariis annuatim solvendos. Ex chartular. S. Ebrulfi I. 159 in bibl. nat. Paris.
941 2813 1727 2888 Misit Dclisle. — „Suggestum est“.
888 2859 2856 2952 12561 (8387) Capitulo b. Martini Turonensi permittit, ut modiationes vacantes infra
371 2868 550 2952 „ 29.
665 2879 782 3034 „
941 2930 2854 2998 quadraginta dies vel, circa festum S. lohannis Baptistae tempore messis, infra decem
941 2981 2850 3051 dies plus offerentibus concedantur. Recueil sur S. Martin de Tours p. 22, Migne 200
938 3045 1699 3109 p. 1044. — „Quanto specialius“.
368 3021 545 3166 „ „„
890 3091 2854 3155 12562 Abbati et fratribus S. Ebrulfi concedit, ut de cellis vacantibus libere statuant.
662 3096 764 3164 „
941 3135 2850 3213 Ex chartul. S. Ebrulfi I. 156 in bibl. nat. Paris. Misit Delisle. — „Officio nostro“.
333 3153 552 3281 Miai. 4.
890 3199 2854 3266 12563 Monasterii S. Laurentii de Calido-fonte possessiones, in his ecclesiam de Galesmis
667 3206 768 3281 „
936 3257 2850 3319 et capellam de Masnero, confirmat. In bibl. nat. Paris. Coll. Moreau t. 80. f. 186.
936 3314 1685 3385 — „Iustis petentium desideriis“.
892 3352 2854 3427 12564 In abbatis S. Victoris Parisiensis electionem aliquem sese intromittere vetat,
353 3356 547 3447 „ 6.
658 3367 764 3498 „
936 3416 2850 3500 statuitque, ut electus per priorem et suppriorem monasterii celebretur. Autogr. in
936 3482 2132 3579 tabul. mat. Paris. L. 281. p. 5. — „Paci et quieti“.
1117 172 2043 262 ALEXANDER III. 1159—1181.
