3007 3975
662 326 1000 410 1160—1176.
399 353 634 545 Araat.
143 388 357 532 Mst 1.
693 379 2664 472 12565 Ecclesiam S. Savini Placentinam ciusone possessiones tnendas suscipit, statuitque,
746 468 2666 525 ne cui infra eius parochiarum terminos capellas vel oratoria construere liceat. Pflugk-
746 512 1749 578 Harttung Acta III. 239. — „Que a nobis“.
700 565 2668 636 12566 Quos capitulo Ebroicensi Audoénus, quondam episcopus, „ad communionem cano-
176 554 353 642 „ 8.
483 552 576 644 „
746 631 2666 691 nicorum ampliandam concesserit redditus, constitutos pro circada, quam ipse a pres-
746 682 2666 744 byteris sui episcopatus ex institutione concilii Iulibonae (vel Insulebonae, hodie:
748 742 2666 799 Lillebonne) et ex consuetudine episcopalium ecclesiarum Normanniae exigebat“, con-
748 788 2666 856 firmat, cet. Cart. du chap. d'Evr. s. XIII—XIV. f. 5“ in Arch. dép. de IEure in
748 843 1566 912 Ewreux. — „Ea, quae in ecclesiis“.
695 892 2668 969 12567 Canonicos Mortarienses vetat ecclesiae lanuensi decimas debitas subtrahere. Pflugk-
178 892 360 973 „ 9.
492 898 572 973 „
748 954 1926 1020 Harttung Acta III. 239. — „Sicut volumus vobis“.
702 1009 2671 1075 12568 Vigintimiliensem et Antipolitanum episcopos iudices constituit inter capitulum
176 998 360 1075 „ 12.
479 1000 574 1137 „
751 1071 2668 1130 Ianuense et monachos S. Syri, de obedientia et loco, ubi abbas benedicatur, litigantes.
751 1130 2341 1188 Pflugk-Harttung Acta III. 240. — „(Quia?) nuntii“ („Cum?) nuntii“.
695 1172 2671 1243 12569 Pactum inter fratres Altimontenses et capitulum Aquense super duabus ecclesiis
181 1170 362 1263 „ 13.
488 1174 572 1269 „
748 1227 2668 1298 factum confirmat. Cartul. de S. Pierre d'Haumont. ms. lat. nouv. acqu. 1386. s. XIII.
751 1291 2668 1351 f. 49, Coll. Moreau t. 70. f. 247 in bibl. nat. Paris., (Reg. ap. Devillers Descr. analyt.
753 1338 2196 1404 des cart. du Hainaut III. 118). — „Honestati conveniens est“.
702 1395 2671 1461 12570 Abbati et capitulo monasterii Eveshamensis asserit reditus ecclesiae de Abres-
178 1331 362 1466 „ 16.
488 1404 576 1470 „
751 1448 2671 1514 leye. Ex cod. Mus. Brit. 3763. f. 95. Dedit b. m. Karolus Pertz. — „Pervenit
748 1508 1087 1576 ad nos quod“.
704 1548 2671 1627 12571 (8389) Statuit, „ne aliqua laicalis persona, patronatus seu alia occasione, electio-
181 1532 360 1647 „ 20.
488 1523 583 1649 „
751 1612 2671 1682 nibus abbatum vel priorum Camaldulensium semet ulla ingerat ratione“. Mittarelli
753 1669 2591 1742 Ann. Cam. IV. app. p. 1, Migne 200 p. 1045. — „Que canonicis sanctionibus“.
704 1729 2671 1790 12572 Abbati et fratribus S. Ebrulfi cellas de Altifago, de Nogione, de Novoforo, alias
178 1709 364 1808 „ 21.
486 1715 572 1821 „
753 1777 2671 1843 asserit. Ex chartul. S. Ebrulfi I. 157 in bibl. nat. Paris. Misit Delisle. — „Si quando“.
181 1817 364 1903 „ 24.
704 1830 2671 1901 12573 Monasterio S. Dionysii Remensi vineas et terras quasdam asserit. Cartae S. Dion.
483 1810 578 1905 „
755 1892 2671 1954 Rem. ms. lat. E. 24. f. 52 in bibl. S. Genovefae Paris. — „Iustis petentium desideriis“.
702 1947 2673 2011 12574 Ecclesiae de Plesseio (vel Campo Osberti) possessiones quasdam confirmat. Cart.
488 1934 574 2009 „
755 2000 2673 2064 de l'abb. du Plessis-Grimould s. XV ex. f. 6b in Arch. dép. du Calvados in Caen.
181 1989 364 2062 „ 25.
753 2051 1497 2126 — „Iustis petentium desideriis“.
704 2102 2675 2173 12575 Maioris-monasterii fratribus asserit „septem modios vini ad mensuram de Ca-
503 2111 574 2181 „
757 2175 2675 2230 stillione“ a Guidone de Castillione concessos. Autograph. in tabul. nat. Paris. L. 231.
183 2139 362 2239 „ 28.
755 2217 1659 2294 n. 58. — „Iustis petentium desideriis“.
707 2263 2673 2340 12576 (8390) Canonicis S. Quintini concedit, „ne episcopus Noviomensis plures quam
497 2274 574 2347 „
755 2336 2671 2393 triginta quinque homines et triginta equitaturas ad eorum ecclesiam ducere audeat“.
183 2314 362 2393 „ 30.
753 2389 2673 2455 Colliette Mém. du Vermandois II. 339, Hemeraei Aug. Virom. p. 166, Migne 200
755 2449 1517 2504 p. 1046. — „In eo loco sumus“.
707 2491 2675 2561 12577 Monasterio b. Mariae Blesensi ecclesiam S. Laurentii Montis-laudati confirmat.
499 2462 576 2616 „
181 2544 366 2632 „ 31.
760 2552 2675 2621 Auvray Notice sur le ms. Ottobonien 2966 p. 15 in Mélanges d'arch. et d'hist. VI.
764 2608 1500 2676 — „Iustis petentium desideriis“.
150 2621 364 2727 Iun. 1.
707 2652 2675 2725 12578 Decano et capitulo S. Crucis Aurelianensi praecipit, ne praebendam et annualia,
488 2638 589 2736 „
757 2718 2673 2778 quae canonici S. Evurtii in eorum ecclesia possideant, „occasione matutinarum“ dimi-
755 2764 2673 2835 nuant. In bibl. nat. Paris. ms. lat. 12775. f. 37. — „Cuilibet ad cumulum cedit“.
709 2822 2675 2888 12579 Hospitalis Hierosolymitani possessiones et redditus, Parisiis comparatos, con-
187 2828 371 2890 „ 4.
492 2815 578 2897 „
757 2884 2412 2948 firmat. Autogr. in tab. nat. Paris. L. 230. n. 6. — „Fervor religionis“.
707 2930 2677 3001 12580 Episcopo Noviomensi et decano S. Quintini mandat, ne A. quendam ab abbate
185 2939 368 3003 „ 5.
479 2943 581 3005 „
757 2990 2677 3051 S. Nicolai de Pratis (Ribomontensis) pro mutuata pecunia usuram ulterius requirere
760 3045 2677 3115 patiantur. Loewenfeld Epistolae p. 146, Stein Cart. de St. Nicol. des Prés sous
757 3098 1634 3166 Ribem. p. 39. — „Ex parte abbatis“.
713 3142 2677 3215 12581 (8391) Canonicorum S. Quintini legem confirmat, „si quis canonicus ecclesiae
187 3133 375 3217 „ 11.
481 3149 587 3213 „
762 3213 2680 3268 assiduitatem inibi non servet, nisi de licentia capituli alibi moretur, integros fructus
760 3266 2677 3323 praebendae suae percipere ne debeat, excepto uno solo canonico, qui fuerit capel-
764 3321 2680 3378 lanus“. Colliette Mém. du Vermandois II. 350, Hemeraei Aug. Virom. p. 166, Migne
764 3365 1548 3431 200 p. 1047. — „Ea, quae sunt“.
713 3418 2677 3500 12582 R(aimundi) praepositi et capituli Tarraconensis bona ac iura confirmat. Villa-
194 3409 380 3493 „ 14.
497 3422 574 3511 „
762 3482 2143 3579 nueva Niage litterario XIX. 218. — „Cum sitis secundum“.
192 3511 755 3632 Rareta Font Ronen —t e 11.
2333 3524 2401 3632 3:
932 167 1858 260 ALEXANDER III. 1159—1181.
2536 170 2666 265 289
