3007 3975
322 178 448 262 290
863 322 1199 404 1160—1176.
338 375 561 490 Lun. 15.
594 371 830 483 Anagniae
899 384 2863 479 12583 (8392) Omnibus episcopis praecipit, ut „in locis, ubi fratres vel sorores Prae-
943 465 2861 534 monstratenses habitent, nullos seculares clericos introducant“. Le Paige Bibl. Praem.
943 510 2163 578 p. 631, Fefér C. D. H. II. 187. — „Quanto religio“.
897 574 2861 644 12584 „Presbyteris canonicis Laudunensis ecclesiae“ asserit „praebendam unam com-
373 556 558 651 „ 15.
680 585 766 649 „
945 629 2863 693 munem in ecclesia Laudunensi et annualia illorum, qui ibi canonici moriuntur“, sicut
945 684 2861 748 G(alterus) quondam episcopus ipsa confirmaverit. Autogr. in tabul. nat. Paris. L. 231.
945 742 1880 808 n. 46. — „Officio nostrae sollicitudinis“.
894 783 2863 861 12585 Narbonensi, Arelatensi et Ebredunensi archiepiscopis scribit, fratres S. Aegidii sibi
373 783 554 878 „ 16.
687 797 764 894 „
945 852 2861 909 conquestos esse, quod, cum controversiae in eorum villa subortae in curia monasterii trao-
947 903 2863 969 tari solerent, nunc comes Tolosanus eas sic terminandas esse proponeret, ut in arbitrio
943 960 2858 1020 litigantium esset, suam vel monasterii curiam adire. Moneant comitem, ne antiquam
945 1015 2858 1071 consuetudinem infringat. Goiffon Bull. de St.-Gilles p. 86. — „Dilecti filii nostri“.
899 1062 2863 1132 12586 A decano et capitulo Laudunensi institutum, ne canonici haud assidue servientes
373 1031 552 1159 „ 1„
689 978 757 1141 „
950 1124 2863 1185 vel per quadraginta dies sine licentia capituli absentes pares cum assiduis praeben-
945 1174 2863 1252 das percipiant, approbat. Autogr. in tabul. nat. Paris. L. 231. n. 39. — „Iustis
943 1234 1442 1294 petentium desideriis“.
897 1283 2863 1349 12587 (8394) V. priori et canonicis ecclesiae S. Frigdiani Lucensis scribit haec: „decer-
368 1287 550 1380 „ 17.
684 1280 762 1404 „
943 1344 2863 1406 nimus, ut, si qua canonici Lucenses a nobis falsa suggestione impetraverunt, quae
945 1389 2861 1461 privilegiis vobis ab apostolica sede indultis derogare noscuntur, ea vobis in iustitia
950 1450 2858 1519 vestra nullum possint praeiudicium generare“. Baluzii Misc. IV. 596, Migne 200
943 1510 1712 1572 p. 1048. — „Religionis et fidei“.
894 1556 2863 1631 12588 Monasterii S. Petri Glocestriensis bona ac iura quaedam confirmat. Hist. et
373 1534 554 1638 „ 20.
689 1537 753 1640 „
941 1609 2439 1676 cart. mon. S. Petri Gloucestriae III. 15. — „Quotiens aliquid a“.
899 1669 2861 1731 12589 Sororibus S. Mariae Bertocurtensibus indulget, ne de nutrimentis animalium
373 1660 556 1749 „ 20.
678 1669 766 1744 „
947 1729 2861 1790 decimas solvant. Cartul. de Bertaucourt Coll. Grenier t. 93. f. 42 in bibl. nat. Paris.
947 1782 1546 1850 — „Quanto divinis estis“.
897 1837 2858 1903 12590 *Fratribus S. Bertini Sithiensibus de monacho apud eos induendo scribit. Vide
368 1828 552 1908 „ 21.
689 1839 760 1914 „
943 1885 2856 1954 lohannis Longi chron. in MG. SS. XXV. 814: „XI. kal. Iul.“ (al. mss.: „XII. kal. Iul.“).
897 1936 2858 2007 12591 Fratribus S. Andreae Pisanis indulget, ut „cum generale interdictum terrae
371 1941 554 2022 „ 27.
682 1947 766 2086 „
943 2000 2858 2060 fuerit, liceat eis, clausis ianuis, non pulsatis campanis, exclusis excommunicatis et
945 2055 2856 2117 interdictis, suppressa voce divina officia celebrare“. Coll. des Cartulaires IX. 367.
947 2113 1427 2179 — „In admittendis“.
897 2153 2856 2232 12592 (8395) Priorem et fratres monasterii S. Savini hortatur, ut abbati obediant.
373 2120 550 2245 „ 2a.
689 2164 753 2250 „
947 2212 2498 2287 Martene Thes. I. 457, Migne 200 p. 1049. — „Non vos credimus“.
892 2272 2858 2336 12593 (8396) Episcopo et capitulo Ausonensi praecipit, ut ecclesiam de Granoylers
373 2254 554 2349 „ 30.
680 2263 766 2343 „
941 2329 2854 2398 monasterio Rivipullensi reddant, aut ius suum apud archiepiscopum Tarraconensem
947 2385 2854 2453 porsequantur. Marca Marca Hisp. p. 1347, Aguirre Conc. V. 84, Mansi XXI. 1062,
950 2442 1953 2506 Migne 200 p. 1049. — „Ad aures nostras“.
897 2486 2852 2559 12594 Monasterii Compendiensis in ecclesia S. Clementis „auctoritatem et iurisdictionem“
338 2462 554 2561 Iul. 2.
682 2486 764 2568 „
943 2541 2854 2616 confirmat. In tabul. nat. Paris. Chartul. S. Cornel. Compend. LL. 1622. s. XIII.
943 2601 1833 2672 f. 54. — „Iustis petentium desideriis“.
894 2647 2858 2720 12595 Fratribus Compendiensibus interdicit, „ne, cum statutum sit, ut decedentibus
360 2638 545 2731 „ 2.
689 2650 753 2727 „
943 2707 2854 2773 canonicis in eorum loco monachi subrogentur, in ecclesia canonicum recipiant vel
943 2758 2856 2831 alicui praebendam aliquatenus concedant“. In tabul. nat. Paris. Chartul. S. Cornel.
943 2817 2227 2884 Compend. LL. 1622. S. XIII. f. 63. — „Paci et quieti“.
894 2873 2854 2941 12596 Fratres Malmesburienses a solvendis decumis vel primitiis eximit. Registrum
684 2873 760 2959 „
366 2877 552 2952 „ 2.
945 2928 2136 2996 Malmesbur. I. 381. — „Iustis petentium desideriis“.
894 2979 2856 3047 12597 Prohibet, ne „archiepiscopi et episcopi homines templi Hierosolymitani in aliquo
364 2983 552 3065 „ 3.
678 2994 762 3138 „
943 3038 2854 3102 crimine deprehensos pena pecuniaria puniant nec ipsos presbyteros et ecclesias, quas
943 3096 2520 3160 teneant, exactionibus indebitis fatigent“. Prutz Malteser Urk. p. 38.
897 3142 2856 3208 12598 Roberto abbati et fratribus S. Ebrulfi heremitagium de Rupe asserit. Ex chartul.
368 3127 547 3215 „ 3.
684 3140 762 3228 „
941 3191 2814 3266 S. Ebr. I. 160 in bibl. nat. Paris. Misit Delisle. — „Iustis petentium desideriis“.
894 3255 2854 3325 12599 Parthenonis S. Salvatoris Massiliensis iura confirmat. André L'abbaye de S. Sau-
687 3261 755 3332 „
364 3255 550 3330 „ 4.
950 3316 2129 3374 veur de Marseille p. 210. — „Qui tenemur iustas“.
894 3354 2852 3440 12600 Monasterio Montis-maioris ecclesiam S. Mariae in villa S. Remigii asserit. Hist.
357 3365 550 3506 „4
665 3361 771 3504 „
945 3416 2847 3498 Mont.-mai. auctore Claudio Chantelou, ms. lat. 13915. f. 160 in bibl. nat. Paris. —
943 3478 1606 3577 „Lustis petentium desideriis“.
1131 174 2054 271 ALEXANDER III. 1159—1181.
