3007 3975
658 313 998 404 1160—1176.
393 359 629 472 Anagniae
689 373 2664 461 12601 (8397) Decano et canonicis ecclesiae S. Martini Turonensis concedit, „ut ecclesias
134 373 360 472 lul. 4.
740 454 2662 521 de feodis ipsorum et possessiones ad eorum proprietatem pertinentes legitime revo-
737 505 2662 574 care possint“. Rec. sur Saint Martin de Tours p. 22, Migne 200 p. 1050. — „Quanto
740 565 1003 624 specialius“.
693 602 2662 680 12602 Capitulo Pisano nuntiat, se monasterium S. Ruxorii ad solvendum censum per
170 609 355 691 „ 5.
479 613 561 680 „
740 675 2662 737 transactionem statutum admonuisse; quod nisi usque ad festum purificationis b. Mariae
740 728 2662 790 fecerit, totam terram, de qua sit lis, in possessionem capituli transituram esse. Pflugk-
740 777 2003 850 Harttung Acta III. 241. — „Volentes vobis tanquam“.
695 832 2662 898 12603 (8398) Clericis et laicis de Bagnacavallo praecipit, ut ad canonicorum Faven-
167 832 355 909 „ 6.
479 832 561 914 „
740 883 2660 954 tinorum obedientiam redeant. Savioli Ann. Bol. II. II. 37, Migne 200 p. 1050:
740 940 2660 1007 „II. non. Iulii“, Tonduzzi Hist. di Faenza p. 210: „II. non. Iunii“. — „Ad nostram“.
693 998 2662 1068 12604 (8399) Monasterii Rivipullensis possessiones quasdam confirmat. Marca Marca
165 998 351 1077 „ 8.
483 1013 554 1073 „
737 1057 2328 1117 Hisp. p. 1347, Aguirre Conc. V. 83. — „Cum nostrae sollicitudinis“.
693 1101 2660 1177 12605 Parthenonis S. Mariae Bertocurtensis protectionem suscipit. Cartul. de Bertau-
481 1106 556 1201 „
167 1101 355 1194 „ 8.
740 1159 2589 1225 court, Coll. Grenier t. 93. f. 41“ in bibl. nat. Paris. — „Officii nostri debitum“.
687 1212 2660 1285 12606 Fratribus Massiliensibus ecclesiam S. Andreae Pisanam asserit, statuitque, ut
161 1201 351 1294 „ 8.
479 1212 558 1344 „
737 1278 2662 1340 sine eorum vel archiepiscopi Pisani consensu infra parochiam eiusdem ecclesiae
740 1338 2655 1393 capellam vel oratorium aedificare nemini liceat. Coll. des Cartulaires IX. 367. —
740 1386 1042 1448 „Cum fides“.
687 1426 2660 1506 12607 Fratribus S. Nicolai de Pratis Tornacensibus concedit, ne quis de novalibus
167 1437 349 1508 „ 10.
477 1439 570 1567 „
737 1499 2660 1565 propriis sumptibus cultis vel de nutrimentis animalium decimas ab eis exigat. (Per-
737 1552 2651 1616 peram Alex. IV. tribuitur.) Anal. p. s. à l'hist. eccl. de la Belgique VII. 489. —
737 1603 1402 1667 „Iustis petentium desideriis“.
689 1649 2657 1726 12608 Priori et clericis basilicae XII apostolorum significat, sese ad preces Gregorii
167 1649 346 1744 „ 16.
466 1656 570 1760 „
737 1711 2657 1779 subdiaconi „stationem ecclesiae eorum, quae quinta feria infra octavam pentecostes
737 1764 2655 1832 fieri consueverit, in diem festivitatis b. Iacobi maioris (25. Iul.) commutasse“. In
737 1826 2655 1888 bibl. Corsiniana ms. 1104. s. XVII. f. 140. Dedit P. Ewald. — „Attendentes
737 1883 989 1943 fervorem“.
687 1930 2657 1998 12609 Primicerium et clericos scholae cantorum de eadem re certiores reddit hortatur-
165 1921 349 2005 „ 16.
472 1932 561 1998 „
737 1994 2657 2055 que, ut in festo b. Iacobi stationem in ecclesia XII apostolorum faciant. In bibl.
733 2051 2116 2104 Corsin. I. I. f. 141. Dedit P. Ewald. — „Apostolica sedes“.
689 2102 2655 2161 12610 Fratribus S. Richarii petentibus, monasterium Forestense tuendum suscipit eius-
167 2086 349 2175 „ 18.
472 2091 558 2228 „
733 2150 2655 2221 que possessiones confirmat. In bibl. nat. Paris. ms. lat. 12890. f. 31. — „Precibus
731 2214 1109 2281 et petitionibus“.
684 2241 2657 2327 12611 (8400) Episcopo Vicensi (Ausonensi) praescribit. ut ecclesiam S. Stephani monachis
167 2241 346 2343 „ 22.
472 2259 561 2338 „
735 2312 2651 2382 Rivipullensibus restituat, aut apud Oscensem et Barcinonensem episcopos ius suum
737 2376 2653 2440 persequatur. Marca Marca Hisp. p. 1173 et 1348, Aguirre Conc. V. 84, Mansi
735 2424 2123 2497 XXI. 1062, Migne 200 p. 1051. — „Quotiens ecclesiarum“.
165 2468 349 2561 „ 22.
684 2484 2653 2548 12612 (8401) Oscensi et Barcinonensi episcopis scribit de ecclesia S. Stephani mona-
466 2488 561 2570 „
735 2546 2653 2610 sterio Rivipullensi ab episcopo Ausonensi reddenda. Marca Marca Hisp. p. 1348,
740 2594 2653 2663 Aguirre Conc. V. 84, Mansi XXI. 1063, Migne 200 p. 1051. — „Ex transmissa
731 2650 908 2718 nobis“.
167 2687 349 2771 „ 25.
687 2698 2653 2767 12613 Monasterio S. Andreae de Gufer concessas possessiones quasdam (scil. mansum
468 2694 567 2824 „
740 2762 2653 2824 Martelli et ecclesiam Montis Gaurodi), antequam ordinem Cisterciensem susceperit,
733 2815 2651 2875 confirmat, decimasque ab eis exigi vetat. Orig. in Arch. dép. du Calvados in Caen.
735 2870 2355 2934 Fonds de St.-André-en-Gouffern n. 13. — „Iustis petentium desideriis“.
163 2892 344 2992 „ 28.
687 2923 2651 2992 12614 Domus hospitalis S. Crucis Aurelianensis protectionem suscipit, possessiones con-
475 2908 563 2992 „
731 2970 2651 3043 firmat, privilegia instituit. In bibl. nat. Paris. ms. lat. 12775. f. 42. — „Qui tene-
731 3034 1018 3096 mur iustis“.
684 3082 2651 3149 12615 *Monasterii S. Bertini Sithiensis capellam in Lievelande sitam confirmat. Vide
167 3080 346 3162 „ 28.
475 3093 558 3175 „
737 3144 2646 3210 lohannis Longi chron. S. Bertini in MG. SS. XXV. 814: „V. kal. Aug.“ (al. mss.:
740 3197 1135 3263 „VI. kal. Aug.“).
687 3241 2649 3312 12616 Monasterii Savigneiensis ius in ecclesia de Belintona confirmat. Cart. de Savigny
163 3235 349 3323 „ 31.
472 3239 554 3321 „
735 3312 2646 3369 s. XIII. f. 169“ in Arch. dép. de la Manche in St.-L0. — „Quanto artius divine“.
687 3356 2649 3438 12617 Fratribus Cussiacensibus concedit, ut in parochialibus ecclesiis clericos eligant
130 3352 351 3506 sue S.
463 3350 556 3506 „
735 3418 2644 3502 et dioecesanis episcopis praesentent, cet. Autogr. in tabular. nat. Paris. L. 231. n. 40.
740 3471 1478 3566 — „Iustis petentium desideriis“.
2273 3522 2372 3661 9r*
927 159 1849 258 ALEXANDER III. 1159—1181.
2536 159 2660 251 291
