3007 3975
296 178 419 267 292
843 320 1182 408 1160—1176.
324 388 539 479 Aug. 6.
581 364 810 474 Anagniae
879 373 2852 472 12618 Canonicis Bononiensibus permittit, ut homiaes plebatus Medicinae ad solvendas
927 457 2847 521 decimas compellant, eosque, qui bona eorum detineant, excommunicent. Pflugk-
927 514 2850 576 Harttung Acta III. 241. (Wiener Sitzungsber. XCIV. 673.) — „Dum vestrae devotionis“.
360 560 539 644 „ 6.
673 589 742 647 „
881 569 2847 624 12619 (8402) Clero Pisano mandat, ut populum ad solvendas canonicis decumas in-
930 624 2635 680 ducant. Ughelli It. sacr. III. 404, Migne 200 p. 1052. — „Dignum est“.
357 671 541 746 „ 17.
667 673 753 803 „
881 666 2847 742 12620 Fratribus Latiniacensibus ecclesiam et capellam quandam asserit. In bibl. nat.
932 728 2850 795 Paris. Cartul. de Lagny ms. lat. 9902. s. XVI. f. 6. — „Iustis petentium desideriis“.
357 779 541 850 „ 21.
671 792 760 867 „
881 775 2847 854 12621 (8403) Abbati et fratribus ordinis Praemonstratensis concedit, „ut servientibus,
934 843 2850 903 qui de mensa eorum vivunt, poenitentiam dent et corpus dominicum in statutis tem-
932 889 2618 962 poribus tradant“. Le Paige Bibl. Praem. p. 630. — „Apostolicae sedis“.
360 914 543 1024 „ 31.
665 954 766 1018 „
881 949 2854 1018 12622 Monasterio Bonae-spei altare de Erquelinnes asserit. Maghe Chronicum ecclesiae
932 995 2288 1068 Bonaespei p. 109 teste Wauters Table chronolog. II. 547.
322 1055 545 1139 Sept. 15.
671 1057 760 1181 „
883 1057 2854 1121 12623 Abbatissae et sororibus Fontis-Ebraldi scribit de ordine Fontebraldensi in par-
936 1108 2852 1183 thenonem Ambresberiensem introducendo. Ex chartul. Font.-Ebr. 5480. f. 285 in
934 1159 2158 1234 bibl. nat. Paris. Misit Delisle. — „Intelleximus ex“.
364 1227 547 1298 „ 17.
673 1230 760 1296 „
888 1221 2856 1287 12624 (9074) Annoni (al. Aimoni) et fratribus monasterii de Marmuloso significat,
936 1283 2856 1338 castrum Tiberiae, excepta S. Eleutherii ecclesia, Iohanni et Petro et Leoni, filiis b. m.
936 1329 2856 1393 Cencii Fraiapanis, a sese concessum esse. Pflugk-Harttung Acta III. 241, (Borgia Ist. di
943 1389 2856 1446 Velletri p. 241, Nerini Stor. del mon. di S. Bonif. ed. Alessio p. 229). — „Cum ex iniuncto“.
366 1428 552 1521 „ 17.
678 1433 766 1525 „
890 1442 2854 1506 12625 Monasterio Ursicampi „exclusam in flumine Isarae“ et prata quaedam asserit.
936 1497 2856 1563 (Perperam Alexandro IV. tributa; pro „Aggnoni“ leg. „Anagniae“.) Peigné-De-
934 1554 2213 1612 lacourt Cart. d'Ourscamp p. 304. — „Iustis petentium“.
366 1605 552 1684 „ 19.
662 1625 775 1682 „)
890 1598 2861 1669 12626 Fratribus S. Acheoli concessam ab episcopo Ambianensi praebendam in ecclesia
941 1660 2856 1729 S. Mariae confirmat. Neues Archiv IV. 352. — „Iustis patientium (lege: petentium)
943 1720 1201 1784 desideriis“.
375 1764 550 1841 „ 27.
665 1775 773 1852 „
890 1764 2858 1839 12627 Ecclesiae Belnensis tutelam suscipit ac possessiones quasdam confirmat. Pflugk-
943 1828 1975 1896 Harttung Acta I. 259. — „Cum pro sacris“.
894 1883 2863 1949 12628 (8405) Archiepiscopo Mediolanensi eiusque suffraganeis scribit haec: „Significavit
947 1941 2856 2007 nobis nobilis vir P. quod F(riderico) dicto imperatori, cum olim ab Urbe rediret,
943 1994 2858 2055 castrum Ferruce (al. Verrucae, Vernicae) negavit; unde contigit, quod quatuor castris
943 2047 2856 2106 destructis plus quam duo millia domorum destructa fuerunt et multi homines inter-
945 2097 2858 2166 fecti“. Mandat, ut poenitentiam illi imponant. Coll. Cass. XX. 12, Comp. I. L. V.
943 2157 2615 2234 t. 33. c. 2, Decr. Gfreg. L. V. t. 38. c. 3. — „Significavit nobis nobilis“.
863 2221 1199 2307 1164 — 1176.
899 2318 2863 2382 12629 Rigaldo, abbati Castrensi (dioec. Albiensis), bullam dat, qua monasterii privilegia
945 2376 2861 2435 et libertatem confirmat, imposito fratribus quinque solidorum Melgoriensium censu
945 2424 2858 2506 annuo. (Fragmenta.) In bibl. nat. Paris. Coll. Doat t. 117. f. 57“ et 58. — „Ad
950 2488 1431 2557 hoc nos disponente“.
870 2539 1199 2645 1167— 1176.
338 2654 565 2722 Dec. 28.
594 2594 846 2716 Renenemti
894 2627 2863 2709 12630 Compositionem inter I(ohannem) abbatem fratresque S. lohannis de Vineis
952 2700 2861 2771 Suessionensis et fratres Longipontis super decimis terrarum et vinearum de Pratella
954 2756 2858 2831 factam confirmat. Ex chartul. S. loh. ms. lat. 11004. s. XIII. f. 11 in bibl. nat.
950 2813 1707 2881 Paris. — „Ex tenore cuiusdam“.
866 2870 1206 2983 1170— 1176.
338 2917 556 3085 On. „
598 2972 835 3067 Anagniae
897 2956 2858 3045 12631 Abbati et fratribus monasterii Omnium sanctorum de Cutus praecipit, ut archi-
950 3034 2858 3089 episcopo Barensi obediant. P. acolythum suum commendat. (Melius redigendum
952 3085 2858 3155 videtur ad a. 1170 — 1179.) Pflugk-Harttung Acta III. 242. — „Movemur pluri-
950 3140 1115 3204 mum“.
899 3180 2858 3257 12632 (8407) I(ldebrando) presbytero cardinali duodecim apostolorum, apostolicae sedis
950 3250 2856 3314 legato, respondet, ut „electum, qui nuper abiurato schismate ad unitatem ecclesiae
952 3297 2856 3365 redierit, faciat a catholicis episcopis suffraganeis Aquileiensis ecclesiae consecrari“.
952 3347 2854 3422 App. conc. Lat. XL. 2, Coll. Lips. XXXI. 1, Coll. Cass. XL. 1, Coll. Bamb. XXX. 1,
952 3411 2854 3504 Comp. I. I. 1. t. 4. c. 14. Decr. Greg. I. I. t. 6. c. 5. — „Quod diligentia“ „SQuia
952 3462 1215 3566 diligentia“.
1109 163 2034 258 ALEXANDER III. 1159— 1181.
