3007 3975
695 306 1022 401 1173— 1176.
174 362 391 470 Mart. 29.
430 351 662 468 Anagniae
729 368 2699 459 12633 Monasterio S. Stephani Cadomensi asserit „duas partes decimae de tota terra
786 446 2697 512 Willelmi Lexoviensis, qui cognominatur Iudeus, in villa que dicitur Cambis, quas idem
784 501 2697 563 Willelmus de assensu Henrici episcopi Baiocensis monasterio reliquerat“; alias quasdam
777 558 2697 620 donationes confirmat. Orig. in Arch. dép. du Calvados in Caen. Fonds de St.-Etienne
777 602 2695 675 n. 23, (Copia in bibl. nat. Paris. Cart. de St.-Etienne de Caen ms. lat. nouv. acqu.
782 666 2660 733 1406; cf. tabulas, quae in cartulario huic bullae antecedunt). — „Que a devotis“.
731 715 2697 788 12634 Fratribus S. Silvestri Vincentinis scribit, (Conradum) archiepiscopum Moguntinum,
209 715 388 788 „ 29.
517 735 600 790 „
775 777 2699 839 apost. sedis legatum, qui controversiam inter eos et canonicos Vincentinos super
775 832 2697 892 ecclesia S. Mariae de Fabrica terminare nequierit, causam (Gerardo) episcopo Pa-
777 887 2697 951 duano commisisse. Sententiam ab eo latam confirmat iubetque observari. Pflugk-
775 940 1829 1000 Harttung Acta III. 243. — „Cum inter vos“.
731 995 2699 1064 12635 (Petro) archiepiscopo Tarantasiensi, (Odoni) episcopo Valentinensi ac abbati
207 978 393 1066 „ 31.
510 982 609 1068 „
782 1053 2699 1113 Abundantino causam fratrum Calesiensium committit, qui a monachis Bonevallensibus
782 1110 2699 1168 ordinem Cistersiensem receperint, quamquam (Iohannes) episcopus Gratianopolitanus
782 1154 2697 1227 „non suum praestiterit in hac parte consensum absolute, sed cum ea conditione, si
777 1219 2699 1276 fratres Cartusienses super hoc consentirent“. Quod si ita sit, mandat, cogant Bone-
782 1274 2699 1331 vallenses, ut monasterium Calesiense relinquant, Calesienses autem, ut ad ordinem
782 1320 2600 1389 priorem redeant. Pilot Cartul. de Chalais p. 45. — „Cum quidam monachus“.
176 1322 388 1450 Apr. 8.
731 1373 2699 1444 12636 (8408) Ad Simonis abbatis S. Albani quaestiones quasdam respondet. Gilberti
508 1378 614 1484 „
786 1431 2697 1503 Foliot epist. ed. Giles II. 104, Migne 200 p. 1053, (App. conc. Lat. VI. 1, VII. 17,
786 1488 2695 1559 XV. 20, Coll. Lips. XXXV. 17, LII. 25, LIX. 1, Coll. Cass. XLII. 18, LIII. 18,
784 1545 2697 1614 LVIII. 1, Coll. Bamb. XXXIII. 17, XLV. 18, L. 1, Comp. I. L. 1. t. 21. c. 15,
784 1601 2697 1669 L. 3. t. 33. c. 23, L. 4. t. 7. c. 1, Decr. Greg. L. I. t. 29. c. 10, L. III. t. 24. c. 4,
782 1654 2695 1731 t. 38. c. 19, L. IV. t. 7. c. 1). — „Consultationibus singulorum“ „De cetero si“
782 1709 1330 1777 „Propositum est nobis“.
733 1766 2702 1830 12637 (8409) T(eobaldo), episcopo Placentino, praecipit, ut monachis S. Savini „decimam
212 1753 388 1832 „ 8.
512 1777 616 1837 „
782 1819 2699 1890 claustri iuxta s. Ambrosium siti“ reddat. Campi Hist. di Piac. II. 360, Migne 200
779 1879 1606 1934 p. 1054. — „Significantibus nobis“.
214 1923 393 2002 „ 11.
731 1923 2699 1994 12638 (8410) (Roberto) archiepiscopo Viennensi, apostolicae sedis legato, et eius suf-
521 1927 616 1998 „
782 1987 2697 2044 fraganeis ordinis Cartusiensis domus et pascua commendat. Privil. ord. Cart. fol. 1b,
786 2044 2699 2100 Nova coll. stat. ord. Cart., append. p. 7, Migne 200 p. 1055. — „Non latet discretionis“.
212 2091 391 2166 „ 20.
735 2100 2699 2161 12639 Herberto abbati et fratribus S. Theoderici Remensis bullam dat. Neues Archiv
521 2091 616 2175 „
788 2146 1559 2217 VII. 103. — „Religiosam vitam“.
212 2170 388 2272 „ 22.
731 2201 2702 2267 12640 Monasterio Tironiensi abbatias de Calcho, de Chameis cet. ac ius abbatum inibi
517 2192 614 2329 „
784 2263 2704 2325 instituendorum confirmat, petente Stephano abbate. Alia privilegia addit. Merlet
782 2314 2132 2382 Cart. de la Ste.-Trin. de Tiron II. 92. — „In hiis que a“.
178 2334 399 2440 Mai. 4.
731 2371 2702 2431 12641 (8388. 8411) Permutationem de Caleio villa factam inter capitulum ecclesiae
521 2345 616 2438 „
784 2426 2699 2497 S. Aniani (Aurelianensis) et A(delam) Francorum reginam ac roboratam a L(udo-
784 2479 2702 2541 vico) rege confirmat. (Aliena manu additum est: „pont. nostri a. XVI.“.) Hubert
786 2535 2699 2601 Antiqu. de St.-Aignan d'Orl. Preuves p. 85, Bouquet Rec. XV. 953, Migne 200
786 2594 1734 2650 p. 1044. — „Cum nostrae sollicitudinis“.
216 2630 397 2714 „ 5.
733 2645 2699 2709 12642 (8412) P(etri?) archiepiscopi Salonitani fidem laudat, eumque molestiis afflictum
512 2641 620 2780 „
786 2707 2702 2764 consolatur. Negat se de ecclesia Iaderensi quidquam in eius iniuriam decreturum.
784 2758 2697 2815 L., cappellanum suum, commendat. Sperat, „ecclesiam Dei in proximo pace tran-
784 2811 2699 2884 quilla“ potituram esse. Farlati III. sacr. III. 186, Fefér C. D. H. II. 176, Migne 200
784 2866 1599 2923 p. 1056. — „Litteras et dilectum“.
218 2908 399 2987 „ 6.
731 2915 2702 2992 12643 Sententiam inter abbatem Dervensem et canonicos S. Nicolai Catalaunensis de
514 2921 612 2990 „
786 2976 2699 3045 ecclesia Campi-Auberti ab episcopo Trecensi latam et a magistro T., canonico Papiensi,
786 3032 2699 3098 repraesentatam, approbat. Fragmentum ap. Lalore Collection IV. 204; Regestum in
788 3076 2264 3144 Neues Archiv VII. 102. — „Cum dilectis filiis“ („Magister T.“).
220 3129 399 3197 „ 9.
737 3135 2702 3208 12644 G(erardo) episcopo Paduano et monasterio Nonantulano scribit. Pflugk-Hart-
523 3080 612 3208 „
788 3197 1716 3255 tung Iter p. 278. — „Perpendimus ex“.
216 3241 402 3314 „ 14.
735 3248 2702 3310 12645 Capitulo Ebroicensi asserit „septem sollemnes procurationes, quas ab eorum epi-
510 3252 614 3321 „
784 3303 2697 3372 scopis ex quadam provida institutione hactenus perceperint“. Canonicis permittit,
788 3358 2699 3416 ut malefactores ecclesiae excommunicent, sicut E(gidius) episcopus eis concesserit.
786 3418 2695 3491 Cart. du chap. d'Evr. s. XIII—XIV. f. 1 in Arch. dép. de I'Eure in Evreux. —
790 3473 1604 3575 „Rationabulibus postulantium votis“.
961 156 1884 247 ALEXANDER III. 1159—1181.
2565 165 2697 253 293
