3007 3975
287 178 415 262 294
835 326 1162 410 1173— 1176.
307 382 525 481 Mai. 23.
570 364 802 472 Anagniae
866 382 2832 470 12646 (8413) Episcopo et consulibus Bononiensibus scribit, ut ab iniuriis in ecclesiam
919 463 2830 530 Nonantulanam desistant. Litem nuntiat Ildebrandi, basilicae duodecim Apostolorum
919 514 2828 585 presbyteri cardinalis, arbitrio permissam esse. Tiraboschi St. di Non. II. 277, Savioli
921 571 2434 633 Ann. Bol. II. II. 39, Migne 200 p. 1057. — „Cum Nonantulana“,
870 620 2832 689 12647 Fratribus S. Vincentii Silvanectensibus asserit praebendas, quas in ecclesiis
344 616 525 697 „ 25.
651 631 742 704 „
916 680 2828 750 S. Mariae, S. Reguli et S. Franbaldi possident. Pflugk-Harttung Acta I. 260. —
914 730 1495 799 „Tunc officium nostrum“.
866 788 2830 856 12648 Fratribus Sarnaiensibus bona ac iura quaedam asserit. Merlet et Moutié Cart.
311 790 525 867 lun. 2.
651 781 742 859 „
914 845 2359 912 des Vaux de Cernay I. p. 53. — „Iustis petentium desideriis“.
866 901 2832 965 12649 *Ecclesiae S. Petri Ariensi factam a Philippo, comite Flandriae, donationem
342 896 519 973 „ 18.
653 907 748 995 „
914 958 1942 1013 confirmat. Invent. des arch. de Lille p. 56.
863 998 2832 1088 12650 (Bartholomaeo) archiepiscopo Turonensi, apostolicae sedis legato, eiusque suf-
342 991 523 1082 „ 21.
647 982 744 1075 „
914 1064 2832 1132 fraganeis abbatem et fratres Maioris-monasterii commendat. Loewenfeld Epistolae
916 1115 1690 1183 p. 147. — „Decet nos religiosa“.
868 1174 2830 1241 12651 (Fulcrando) praeposito Magalonensi asserit curam capituli ecclesiae spiritualem,
340 1170 519 1247 „ 28.
656 1172 740 1249 „
916 1232 2834 1300 a I(ohanne) episcopo concessam. Mém. de la soc. de Montpellier V. 534. — „Iustis
914 1289 1416 1351 petentium desideriis“.
304 1331 525 1415 lul. 6.
866 1331 2834 1406 12652 Inter fratres Massilienses et S. Eusebii factam, P(etro) episcopo Aptensi prae-
651 1340 742 1417 „
916 1400 2832 1464 sente et U(gone) archiepiscopo Aquensi assentiente, compositionem confirmat. Coll.
916 1450 1948 1508 des Cartulaires IX. 396. — „Cura suscepti“.
866 1499 2834 1563 12653 B(alduino) abbati et fratribus Branensibus ius collocandi in ecclesia de Cersiolo
342 1497 519 1567 „ 6.
649 1499 744 1578 „
914 1559 2830 1623 tres aut quatuor canonicos asserit. Alia privilegia addit. In tabul. nat. Paris. Cart.
916 1614 2543 1678 de St.-TVved de Braine s. XIII. LL. 1583. f. 22. — „Hortatur nos et“.
344 1669 528 1749 „ 15.
868 1660 2832 1733 12654 Canonicis S. Gaugerici Cameracensibus asserit praebendas, a Nicolao quondam
649 1669 746 1771 „
919 1731 2830 1795 episcopo ad claustrum et officinas reparandas concessas. Pflugk-Harttung Acta I. 260.
916 1784 1409 1846 — „Ea quae sacris“.
863 1830 2832 1905 12655 Monasterio S. Martini Pontisariensi asserit ecclesiam de Charz, a R(otrodo)
344 1826 523 1910 „ 22.
649 1830 744 1914 „
914 1890 2821 1952 archiepiscopo Rotomagensi concessam. Autogr. in tab. nat. Paris. L. 230. n. 30. —
919 1949 1586 2007 „Iustis petentium desideriis“.
344 1934 521 2071 „ 26.
868 1996 2830 2062 12656 Inter fratres S. Mariae et S. Evodii Branenses et monachos S. Leodegarii (Sues-
656 1996 737 2122 „
914 2051 2830 2115 sionenses) ab Henrico episcopo Silvanectensi et P(etro) abbate S. Remigii Remensi
914 2111 2830 2173 actum arbitrium probat. In tab. nat. Paris. Cartul. de St. Tved de Braine s. XIII.
914 2155 1964 2221 LL. 1583. f. 20. — „Ex litteris venerabilis“.
344 2195 523 2290 „ 27.
868 2212 2832 2283 12657 Capitulo S. Martini Turonensi privilegia quaedam de „ecclesiae malefactoribus
653 2217 735 2365 „
919 2274 2828 2336 et iuratis“ indulget, epistola ad Bartholomaeum decanum directa. In bibl. nat. Paris.
914 2320 2045 2393 Coll. Baluze t. 76. f. 357. — „Hortatur nos et“.
313 2347 521 2455 Aug. 9.
866 2378 2830 2444 12659 Archiepiscopos et episcopos, in quorum parochiis monasterium Casae-Dei ecclesias
653 2378 737 2457 „
919 2440 2830 2502 habet, monet, ne ab ipsis procurationes exigant nec eis „novas et indebitas consuetu-
916 2493 2830 2555 dines imponant neque ipsos, qui in eisdem ecclesiis Domino famulantur, irrationabiliter
914 2548 2626 2616 fatigent“. Pflugk-Harttung Acta III. 243. — „Decet honestatem vestram“.
868 2597 2828 2665 12660 Fratribus S. Victoris Parisiensibus asserit maiorem decimam de Bussiaco, a
340 2599 521 2674 „ 10.
651 2601 737 2669 „
923 2656 2828 2720 W(illelmo) archiepiscopo Senonensi, ap. sed. legato, et (Manasse) episcopo Aurelia-
916 2714 2825 2780 nensi concessam. Privilegia quaedam addit. Autogr. in tabul. nat. Paris. L. 230.
919 2764 1794 2826 n. 1. — „Iustis petentium desideriis“.
342 2815 523 2906 „ 13.
866 2817 2828 2892 12661 Fratribus Curiae-dei concessam a Manasse, episcopo Arelianensi, domum de
653 2817 742 2910 „
916 2873 2828 2939 Lanches asserit. In bibl. nat. Paris. ms. lat. 12739. f. 551. (Cartam Manassis
916 2932 2330 2990 anno 1171 datam vide ibid.) — „Iustis petentium desideriis“.
870 2985 2825 3051 12662 L(aurentio) abbati et fratribus S. Richarii ecclesiam S. Luciani Lulliacensem
346 2974 525 3049 „ 22.
649 2981 733 3109 „
916 3036 2677 3100 asserit. In bibl. nat. Paris. ms. lat. 12890. f. 40. — „Cum ecclesia vestra“.
346 3091 525 3168 „ 23.
868 3093 2828 3164 12663 Capellanis civitatis Patavinae concessa a Gerardo episcopo eiusque antecessoribus
662 3091 740 3162 „
916 3151 2825 3213 quartisia decimarum quarundam confirmat. (Verba „pont. n. a. XIIII.“ certe addi-
916 3202 2823 3266 ticia sunt, ipsaque bulla non videtur a suspicione libera.) Gloria Cod. dipl. Pad.
916 3255 1676 3321 II. 281. — „Postulavit a nobis“.
868 3310 2823 3380 12664 (8414) Pacem inter Hugonem, episcopum Terracinensem, et Petrum de Roberto
342 3237 530 3383 „ 26.
656 3303 753 3502 „
916 3363 2821 3431 a B(ernardo) episcopo Portuensi et P(etro) tit. S. Laurentii in Damaso presbytero
919 3420 2819 3506 cardinali conciliatam confirmaf. Cantator Hist. Terracin. p. 399, Migne 200 p. 1058.
925 3484 1312 3575 — „Cum tu et“.
1095 170 2021 260 ALEXANDER III. 1159—1181.
