3007 3975
687 315 1022 393 1173—1178.
163 373 382 474 Aug. 30.
421 362 653 474 Anaeniae
720 375 2686 461 12665 (8404) Monasterio S. Germani de Pratis Parisiensi capellam S. lohannis asserit,
768 452 2688 523 litteris ad Hugonem abbatem. Bouillart Hist. de St. Germain des Prez p. 42,
771 501 1895 565 Migne 200 p. 1052. — „Ex litteris dilectorum“.
161 547 382 660 Sept. 18.
499 567 598 682 „
720 554 2691 633 12666 (9191) Plebano et clericis Maturiensibus cum monachis litigantibus mandat, ut
771 618 2688 680 archipresbytero Volterrano et abbati de Spongia iudicibus a sese constitutis respon-
771 673 2691 733 dere non recusent. Praecipit, ut ab iniuriis in Hospitale de Calcinaria, cuius pro-
773 715 2688 788 tectionem Innocentius II. susceperit, desistant et de monachis clericisque excommu-
771 781 2693 848 nicatis satisficiant. Pflugk-Harttung Acta III. 244, (App. conc. Lat. XI. 2, Coll.
771 825 2691 903 Lips. XXXVI. 2, Coll. Cass. XLIII. 2, Coll. Bamb. XXXiV. 2, Comp. I. L. 2. t. 4.
768 894 1491 954 c. 3.) — „Miramur plurimum“.
205 905 382 1024 „ 30.
510 958 600 1026 „
722 940 2693 1011 12667 R(oberto) abbati et fratribus S. Michaelis de Periculo-maris concedit, ut decimas
771 1002 2691 1071 ad eorum ecclesias pertinentes ex laicorum manibus redimant. Delisle Chron. de
773 1055 1924 1126 Robert de Torigni II. 306. — „In his que iuste“.
514 1130 596 1214 „
724 1110 2691 1181 12668 (8406) H(enrico) patriarchae Gradensi et T(heodino) S. Vitalis presbytero car-
773 1159 2688 1232 dinali mandat, iudicent inter C. et Leonardum, electos Torcellenses. Coll. Lips.
775 1223 2691 1289 XLVII. 37, Coll. Cass. LI. 34, Coll. Bamb. XLII. 36, Comp. I. L. 2. t. 20. c. 37, Decr.
771 1280 2068 1351 Greg. L. II. t. 28. c. 23. — „Constitutis in praesentia“.
689 1329 1022 1459 1174— 1176.
170 1397 384 1523 Lan. 16.
424 1389 658 1537 Anarniae
722 1439 2688 1508 12669 (8417) Petentibus Rodulpho abbate et monachis Cluniacensibus, thesaurum,
773 1497 2693 1559 honores, obedientias, possessiones ecclesiae Cluniacensis ab abbatibus alienari invito
771 1552 2693 1616 capitulo vetat. Bibl. Cluniac. p. 1431, Bullar. Cluniac. p. 74, Migne 200 p. 1060.
773 1609 1252 1673 — „Quanto vos et“.
203 1665 386 1746 „ 17.
517 1676 598 1740 „
724 1658 2695 1726 12670 (8418) Rodulpho abbati et fratribus Cluniacensibus asserit ecclesiam S. Iohannis
771 1715 2520 1782 ab iis constructam. Bullar. Cluniac. p. 72. — „Iustis petentium desideriis“.
203 1766 382 1855 „ 17.
514 1779 607 1859 „
724 1777 2693 1837 12671 W(illelmo), archiepiscopo Senonensi, ap. sed. legato, eiusque suffraganeis scribit,
773 1821 2693 1892 relatum sibi esse, „a quibusdam capellanis parochianos in loiacensi monasterio, quod
775 1879 2695 1949 sit de ordine Cisterciensi, habitum sanctae conversationis absque licentia eorum reci-
775 1938 2693 2005 pere prohiberi“. Mandat, moneant capellanos, ne quem ad ordinem Cisterciensem
773 1994 2333 2058 transire impediant. Loewenfeld Epistolae p. 147. — „Res ad nos“.
205 2044 380 2120 „ 19.
536 2047 592 2122 „
724 2051 2695 2113 12672 (8419) Parthenonis Gudhemensis bona, a Canuto rege eiusque fratre donata,
773 2102 2693 2168 confirmat. Liliegren Dipl. Suec. I. 97, Ornhjälm Hist. Sueon. p. 562, Migne 200
773 2159 1736 2221 p. 1060. — „Iustis petentium desideriis“.
207 2206 386 2287 „ 21.
514 2223 600 2287 „
724 2210 2695 2281 12673 Abbati et fratribus Clarevallensibus nuntiat, sese sententiam inter fratres S. Be-
775 2267 2695 2334 nigni Divionenses et monachos de Morans a M(athaeo) episcopo Trecensi et abbate
777 2327 2697 2391 S. Remigii latam approbare. Pflugk-Harttung Acta I. 254. — „Cum venerabilis
775 2380 956 2444 frater“.
176 2429 384 2504 Mart. 1.
726 2422 2699 2488 12674 (Ariberto) episcopo Vicentino significat, sententiam inter canonicos Vicentinos
775 2488 2697 2548 et Hesoardum, Theobaldum aliosque vasallos super possessionibus magnis litigantes
775 2541 2697 2603 latam a Friderico dicto imperatore confirmatam esse; canonicos deinde, a consulibus
775 2597 2695 2658 civitatis iterum stare iudicio sapientis cuiusdam coactos, condemnatos esse; „licet
777 2652 2697 2714 autem praedictus Fridericus dictus imperator iudicium illius sapientis, quia non erat
779 2707 2697 2773 suum de his iudicare, penitus irritasset (cf. Stumpf 4150 et additam.), nihilominus
779 2762 2697 2828 tamen praefatos vasallos praescriptas possessiones detinere“. Mandat, ut si ita est,
784 2820 2697 2875 vasallos eorumque fautores excommunicet. (Cf. infra ep. 12822.) Ex Mus. Brit. ms.
777 2870 2697 2937 addit. 8602 saec. XVII. f. 189 misit Ed. Bishop. (Exstabit ap. Loewenfeld Epi-
779 2926 1860 2985 stolae II.) — „Significantibus nobis canonicis“.
209 2923 388 3065 „ 2„
508 2972 607 3076 „
731 2965 2697 3054 12675 Alberti archipresbyteri et canonicorum Bononiensium statutum confirmat, ut „si
777 3036 2697 3096 quis canonicorum ecclesiae abstulerit quicquam rerum canonicae contra voluntatem
777 3089 2697 3151 conventus, . . . si non restituerit, privetur beneficio suo in parte illa, quae pro vesti-
777 3135 2697 3202 mentis erogetur, donec communitati fratrum digne satisfecerit de commisso“. Pflugk-
782 3197 2695 3261 Harttung Acta III. 245, quod melius ad a. 1160—1176 redigendum videtur. — „Ex
777 3252 1268 3308 publico instrumento“.
176 3270 395 3418 ten. 2s.
499 3286 614 3433 „
731 3303 2697 3372 12676 Iubet presbyterum praefici capellae, a Philippo Aimeri in paroecia ecclesiae
784 3361 2697 3420 S. Mariae Divitis constructae, ut concessum sit a b. m. Ioscio, quondam archiepiscopo
786 3411 2691 3480 Turonensi. Ex Coll. Housseau V. n. 1764 in bibl. nat. Paris. misit Delisle, (Mém.
782 3471 2306 3577 de la soe. arch. de Touraiue XIV. 182). — „Ex scripto quodam“.
950 154 1875 251 ALEXANDER III. 1159—1181.
2558 159 2691 260 295
