3007 3975
289 189 417 273 296
841 329 1170 410 1174—1178.
324 397 547 483 Aug. 31.
565 377 808 494 Anagniae
874 393 2841 481 12677 *Giraldo abbati et fratibus S. Crucis Burdigalensibus oratorium S. Remigii asserit.
925 470 2836 541 In bibl. nat. Paris. ms. lat. 12666. (Monasticon Benedictinum IX.) f. 157. Cf. Gall.
921 518 1239 583 Chr. II. 861.
313 563 539 655 Sept. 4.
594 567 766 649 „ „
872 571 2841 644 12678 *Giraldo abbati et fratibus S. Crucis Burdigalensibus domum de Balags asserit.
925 636 1650 695 In bibl. nat. Paris. I. I. f. 157.
843 722 1175 806 1175— 1176.
313 783 534 863 Nov. 6.
578 792 813 865 Anagniae
874 790 2839 870 12679 (8420) Petro, tit. S. Chrysogoni presbytero cardinali, apostolicae sedis legato,
925 852 2841 918 mandat, ostendat Ludovico, Francorum regi, „quam graviter auctoritati Romanae ec-
925 912 2841 980 clesiae sit detractum super eo, quod (Mauritius) episcopus Parisiensis post appel-
927 960 2841 1024 lationem archidiaconatum dare praesumpserit“. Attamen, rege postulante, veniam
930 1024 2843 1084 vult iniuriae dare. „Ceterum“ inquit „ne nos, vel Grat(ianus) subdiaconus noster
927 1082 2845 1137 tantam confusionem videamur sustinere, regi suadeas, provideat, ut dignam possimus
930 1128 2843 1201 inde consolationem recipere“. Duchesne H. Fr. SS. IV. 562, Bouquet Rec. XV. 952,
934 1179 2297 1243 Mansi XXI. 964, Migne 200 p. 1061. — „Si innotesceret“.
318 1227 539 1342 Dec. 1.
662 1234 748 1322 „
881 1232 2847 1302 12680 Abbati et fratribus S. Mariae Pratensibus asserit quartam nemoris de Marelmifai
930 1294 2845 1358 partem, a fratribus S. Luciani Bellovacensibus vindicatam. („V. non Dec.“) Chartul.
930 1355 2805 1411 Belli prati Bellov. in bibl. nat. Paris. ms. lat. 9973. f. 130. — „Cum olim inter“.
676 1395 744 1477 „
879 1397 2845 1466 12681 Monasterii S. Stephani de Eremo protectionem suscipit privilegiaque et posses-
932 1464 2843 1525 siones confirmat. Tromby Stor. Cartus. IV. app. p. 132. — „Cum ex inspiratione“.
850 1545 2816 1629 1176. (Ind. 9. — 25. Sept. — 10, ponf. a. 17. — 20. Sept. — 18, 1175. — 25. Mart. — 1176.)
322 1616 543 1696 lan. 14.
653 1636 748 1693 „)
879 1620 2845 1687 12682 (8421) Parthenonem S. Iustinae Lucensem tuendum suscipit, eiusque disciplinam,
932 1680 2843 1746 possessiones, iura, petente Caecilia abbatissa, confirmat. Muratori Ant. It. V. 567,
934 1724 2845 1808 Migne 200. p. 1062: „XVIII. kal. Febr.“ (Pflugk-Harttung Iter p. 42: „XIV. kal. Febr.“)
932 1784 1592 1857 — „Prudentibus virginibus“.
360 1835 545 1919 „ 15.
651 1835 757 1916 „
881 1835 2845 1910 12683 Monasterium S. Mariae Monteregalense, a Willelmo rege Siciliae construi coeptum,
934 1901 2847 1961 soli sedi Romanae subdit amplissimisque privilegiis ornat. Censum 100 tarenorum
934 1956 2847 2014 annuatim persolvendum sibi suisque succesoribus reservat. Del Giudice Notixie di Mor-
934 2002 2845 2073 reale, Priv. p. 38, Pflugk-Harttung Acta III. 246: „XVIII. kal. Febr.“ (Pirri Sic. sacr.
932 2060 2125 2122 I. 451: „XIX. kal. Febr.“) — „Ex debito suscepti“.
362 2108 539 2208 „ 29.
658 2113 764 2217 „
883 2111 2845 2186 12684 (8422) Petro, tit. S. Chrysogoni presbytero cardinali, apostolicae sedis legato,
934 2170 2845 2234 haec nunciat: „Innotuit nobis ex litteris Manuelis, Constantinopolitani imperatoris,
934 2226 2845 2290 quod ipse in manu forti Turcorum terram ingressus, civitates et castra ferro et igne
932 2276 2845 2345 consumpsit, et in medio terrae Soldani Iconii civitatem quandam magnam et popu-
934 2340 2845 2398 losam construxit, ubi Latinos et Graecos, qui eam custodiant, posuit, et per civitatem
936 2389 2845 2455 ipsam magnae regioni Turcorum dominatur usque adeo, quod viam sepulcri domini
941 2444 2847 2510 visitandi reddidit securam“. Principes, comites, barones et alios fideles regni Fran-
936 2502 2845 2568 corum ad oppugnandos Turcas admoneri iubet. Duchesne H. Fr. SS. IV. 566, Bouquet
934 2548 2719 2616 Rec. XV. 952, Mansi XXI. 970, Migne 200 p. 1063. — „Innotuit nobis ex“.
362 2608 543 2683 „ 30.
667 2605 766 2678 „
881 2608 2845 2672 12685 (8423) Clericis Alexandrinis significat, se rerum necessitate coactum, electione
936 2665 2845 2727 non facta, eorum ecclesiae episcopum praefecisse. Quod ne in posterum eorum iuri
936 2718 2847 2782 officiat, statuit. Ghilini Annali di Aless. p. 7, Moriondi Mon. Aqu. II. 12, Mansi
938 2775 2847 2842 XXI. 911, Ughelli It. sacr. IV. 314, Schiavinae Ann. Alex. in Hist. Patr. Mon. XI.
934 2826 1992 2892 31, Migne 200 p. 1064. — „De novitate et“.
326 2879 550 2970 Mart. 4.
671 2879 757 2983 „
888 2868 2847 2961 12686 (8424) Compositionem a (Willelmo) archiepiscopo Remensi, apostolicae sedis le-
938 2939 2845 3003 gato, factam inter fratres S. Petri et capellanos ecclesiarum S. Iohannis, S. Nicolai,
936 2992 2847 3062 S. Iacobi Gandavensium confirmat. Miraei Opp. dipl. III. 670, Lokeren S. Pierre
938 3054 2370 3111 à Gand p. 153 n. 260 et p. 183. — „Commissi nobis officii“.
353 3093 547 3175 „ 8.
671 3096 757 3171 „
890 3091 2847 3166 12687 (Guntramo) electo et capitulo Senensi mandat, curent, ut consules parthenoni S.
941 3157 2845 3221 Ambrosii Montis Cellensis possessiones, extra castrum Quercus grossae occupatas,
938 3210 2850 3274 restituant et ab eiusdem aliarumque ecclesiarum oppressionibus abstineant. Pflugk-
938 3266 2065 3323 Harttung Acta III. 248. — „Dilecta in Christo“.
366 3301 550 3392 „ 17.
673 3288 755 3438 „
890 3301 2850 3396 12688 (8425) Monasterii Camaldulensis possessiones et privilegia confirmat. Mitarelli
941 3374 2576 3436 Ann. Cam. IV. app. p. 52, Migne 200 p. 1064. — „Officii nostri nos“.
371 3425 552 3544 „ 20.
656 3418 766 3595 „
890 3422 2847 3493 12689 Ecclesiae Tarantasiensis tutelam suscipit possessionesque et iura confirmat, pe-
936 3478 2843 3579 tente Aimone archiepiscopo. Pflugk-Harttung Acta III. 243. — „In apostolicae sedis“.
1100 178 2023 271 ALEXANDER III. 1159—1181.
