3007 3975
687 302 2638 390 1176. (Ind. 9. — 25. Sept. — 10. pont. a. 17. — 20. Sept. — 18, 1175. — 25. Mart. — 1176.)
715 382 2686 454 12690 Canonicorum C. Mariae de Vado Ulmi tutelam suscipit ac possessiones et pri-
172 388 384 474 Mart. 20.
424 379 653 514 Anagniae
771 448 2686 512 vilegia confirmat. (Pro MCLXXX leg. MCLXXV.) Ex Chartul. S. Evurtii, ms. lat.
775 499 2688 574 10089. p. 507, in bibl. nat. Paris. misit Delisle; in eiusdem bibliothecae Coll. Baluze
766 556 1524 624 t. 78. f. 73. — „Quotiens illud“.
720 602 2688 682 12691 Monasterii Leoncellensis patrocinium suscipit, bonaque et privilegia confirmat,
170 607 382 689 Apr. 2.
501 638 589 737 „
766 662 2688 739 petente Pontio abbate. Chevalier Coll. de cart. Dauphin. IV. 29. — „Religiosam
768 726 1206 790 vitam eligentibus“.
722 770 2688 839 12692 (8426) Hubaldo, archiepiscopo Pisano, subiicit Galtelinensem et Civitatensem
205 766 382 863 „ 11.
497 777 596 870 „
768 830 2686 898 episcopatus, in Sardiniae iudicatu Gallurensi sitos, ac episcopatum Populoniensem,
775 892 2688 958 „pro recompensatione episcopatuum“, quos Hubertus, quondam archiepiscopus Pisanus,
773 951 2691 1004 sedi Romanae concesserit. Insuper ei tribuit primatum super Turritanam, Calaritanam
771 1000 2688 1066 et Arborensem provincias, cum omnibus iuribus ad primatum pertinentibus, eique
768 1057 2691 1117 asserit legationem Sardiniae, usum equi albi crucisque ac pallium, quo utatur in con-
773 1106 2691 1170 secratione Aleriensis, Aiacensis, Saguntini ac trium episcoporum, qui supra memorati
775 1168 2688 1232 sunt. Vivianus Praxis iurispatronatus p. 70, Matthaeius Eccl. Pis. hist. I. App. p. 56,
771 1223 2227 1278 Cappelletti Chiese d'It. XVI. 117. — „Tunc apostolice sedi(s)“.
724 1263 2691 1342 12693 Hubaldo, archiepiscopo Pisano, eiusque suocessoribus. Sic ap. Pflugle-Harttung
207 1267 382 1347 „ 11.
512 1267 600 1415 „
775 1329 1559 1395 Iter p. 279. — „Fratres nostros“.
724 1373 2691 1446 12694 (8427) Praepositum et monachos S. Georgii Lucensis monet, ut ecclesiam S.
207 1353 382 1459 „ 11.
512 1389 603 1514 „
777 1435 2691 1499 Matthaei de Fossa Natali, quam „presbyter, qui ibidem moretur, sub obedientiam
777 1490 2691 1563 praepositi regendam et gubernandam“ ab (Willelmo) electo Lucensi receperit, „om-
775 1552 2693 1607 nino derelinquant“. Mansi XXI. 1080, Migne 200 p. 1066. — „Ad aures nostras“.
724 1605 2695 1665 12695 (8428) Monasterium Vallumbrosanum tuendum suscipit, et eius possessiones ac
207 1583 388 1673 „ 20.
514 1587 603 1737 „
777 1660 2693 1720 iura, petente Iacobo abbate, confirmat. Ughelli It. sacr. III. 221, Lami Eccl. Fl. Mon.
777 1709 2056 1777 I. 547, Migne 200 p. 1067. — „Desiderium, quod ad“.
729 1762 2695 1832 12696 Ecclesiam Prunensem tuendam suscipit eiusque possessiones et iura confirmat,
212 1760 391 1846 „ 20.
519 1755 600 1839 „
773 1826 2695 1883 petente Iohanne priore. Pflugk-Harttung Acta III. 250. — „Pie postulatio voluntatis“.
726 1879 2695 1943 12697 Monasterium S. Michaelis Maianense tuendum suscipit, bonaque eius et privilegia
209 1866 391 1963 „ 20.
519 1870 600 1956 „
775 1930 2596 2002 confirmat. Wiener Sitzungsber. XCIV. 673. — „Religiosam vitam eligentibus“.
731 1989 2695 2051 12698 Ecclesiae Augustensis (prov. Tarantas.) protectionem, petente Aymone episcopo,
214 1967 393 2064 „ 20.
512 1974 607 2062 „
777 2042 2695 2108 suscipit, bonaque et privilegia confirmat. Hist. Patr. Mon. Chart. II. 1048. — „Fra-
775 2104 1288 2164 tribus et coepiscopis“.
731 2144 2699 2217 12699 Controversiam inter monachos S. Salvii et canonicos S. lohannis de Valencenis
214 2139 391 2223 „ 20.
517 2159 609 2234 „
779 2208 2697 2272 super iure parochiali diu litigantes determinat. In bibl. nat. Paris. Coll. Moreau
779 2261 2432 2327 t. 69. f. 222. (Cf. Gall. Chr. III. 133.) — „Cum M(artinus) monachus“.
731 2316 2695 2380 12700 Parthenonis S. Mariae Bertocurtensis tutelam suscipit, possessionesque ac pri-
216 2307 395 2396 „ 23.
510 2327 614 2387 „
784 2369 2697 2433 vilegia confirmat, petente Flandrina abbatissa. Cartul. de Bertaucourt, Coll. Grenier
782 2426 2695 2491 93 f. 36 in bibl. nat. Paris, (Neues Archiv VII. 103.) — „Suscepti regiminis ad-
784 2484 1120 2544 ministratione“.
733 2535 2699 2599 12701 A(imoni) priori et fratribus S. Salvii indulget, ne cui parochianorum, „nisi
220 2528 397 2623 „ 26.
510 2537 620 2636 „
784 2594 2699 2654 clericalem ordinem et habitum habuerit, alias ecclesias in quotidianis officiis vel in
784 2650 2702 2718 aliis ecclesiasticis sacramentis . . . . contra generalem terrae consuetudinem frequentare
786 2698 2699 2767 liceat, sed ecclesiis, in quarum parochiis habitent, parochialia iura persolvant“.
784 2756 2112 2815 Loewenfeld Epistolae p. 148. — „Significatum est nobis“.
735 2806 2706 2875 12702 (8429) Monasterium S. Mariae Florentinum tuendum suscipit et eius bona iuraque
220 2789 404 2875 „ 30.
512 2804 618 2932 „
788 2873 2704 2930 confirmat, petente Bernardo abbate. Puccinelli Cron. dell“ abbadia di Fiorenza p. 258.
788 2923 2704 2994 Margini Bull. Cas. I. 20, Lami Eccl. FI. M. I. 111, Migne 200 p. 1069. — „Cum
786 2979 1020 3040 omnium“.
223 3001 402 3098 „ 30.
742 3016 2706 3093 12703 Monasterii S. Petri de Monte-viridi protectionem suscipit, possessionesque ac pri-
523 3018 616 3102 „
793 3087 2607 3142 vilegia confirmat. Soldani Hist. mon. de Passiniano p. 22. — „Cum omnium“.
192 3133 406 3217 Mai. 13.
740 3135 2706 3206 12704 (8430) Rogero, archiepiscopo Eboracensi, apostolicae sedis legato, et eius cano-
514 3135 629 3228 „
790 3191 2704 3257 nicis mittit exemplum litterarum Willielmi, Scotiae regis, post pacem cum (Henrico)
793 3248 2706 3312 Anglorum rege factam ab ipso petentis, ut Scotiae ecclesia ecclesiae Eboracensi
790 3294 2706 3365 subiiciatur. Haddan and Stubbs Concils II. I. 244. (Wilkins Conc. I. 481, Migne 200
790 3350 1559 3414 p. 1071). — „Utilitati ecclesiae“.
742 3405 2708 3482 12705 (8431) Petro, tit. S. Chysogoni presbytero, et Hugoni, S. Angeli diacono cardi-
225 3394 415 3482 „ 21.
523 3343 616 3480 „
797 3469 2706 3559 malibus, apostolicae sedis legatis, mandat, hortentur Henricum, Anglorum regem. ut
227 3498 779 3615 Raa Pent. Raanr E4 eer. 71
2364 3524 2439 3630 58
958 152 1877 251 ALEXANDER III. 1159—1181.
2565 159 2684 240 297
