3007 3975
311 172 441 258 298
850 311 2792 408 1176. (Ind. 3. — 25. Sept. — 10, pont. a. 17. — 20. Sept. — 18, 1175. — 25. Mart. — 1176.)
932 397 2847 457 filiam Ludovici, Francorum regis, intra menses duos „a filio suo Richardo, duce
936 448 2847 514 Aquitaniae, magnifice traduci faciat, aut eam praedicto regi restituat“. Quod nisi
938 503 2850 571 fecerit, totam provinciam Cantuariensem ac comitatum Pictaviensem interdicto affici
938 554 2850 627 iubet. Duchesne H. Fr. SS. IV. 562, Bouquet Rec. XV. 954, Mansi XXI. 965,
941 613 1997 682 Migne 200 p. 1072. — „Cum filia carissimi“.
890 662 2852 733 12706 (8439) (Robertum) Exoniensem et (Rogerum) Wigorniensem episcopos et abbatem
329 620 552 768 Mai. 25.
581 598 817 770 Laren
936 726 2847 790 Faureshamensem laudat, quod Clarembaldum, abbatem S. Augustini Cantuariensem,
936 772 2847 854 deiecerint. Hist. mon. S. Aug. Cant. p. 414. (Chron. W. Thorn ap. Twysden H. A.
934 836 2182 903 SS. II. 1817, Migne 200 p. 1037). — „Auditis olim“.
890 889 2850 958 12707 (8440) Monachos S. Augustini Cantuarienses hortatur, ut dejecto Clarembaldo,
366 856 547 973 „ 25.
667 898 753 980 „
941 940 2852 1007 alium sibi abbatem sumant. Hist. mon. S. Aug. Cant. p. 413. (Chron. W. Thorn ap.
943 995 2549 1062 Twysden H. A. SS. II. 1818, Migne 200 p. 1080). — „Auditis olim“.
888 1046 2854 1117 12708 (8441) Capitulo S. Augustini Cantuariensi petente, „quidquid Clarembaldus, quon-
366 1020 547 1141 „ 26.
673 1075 755 1154 „
938 1117 2856 1174 dam electus, de bonis ecclesiae absque consilio et assensu totius capituli in eius
941 1168 2854 1234 praeiudicium fecerit“, rescindit. Hist. mon. S. Aug. Cant. p. 415. (Chron. W. Thorn
938 1216 2852 1280 ap. Twysden H. A. SS. II. 1818, Migne 200 p. 1080). — „Nostrae sollicitudinis est“.
890 1278 2854 1340 12709 Capitulo S. Augustini Cantuariensi concedit, „ne quisquam, abbas sive praelatus,
366 1269 550 1366 „ 26.
667 1243 757 1375 „
936 1333 2854 1397 ecclesiae eorum pueros infra XV. annos in monachili habitu suscipiat“. Hist. mon.
934 1380 2156 1444 S. Aug. Cant. p. 427. — „Nostrae sollicitudinis est“.
890 1428 2856 1501 12710 Capitulo S. Augustini Cantuariensi petente, domui eorum eleemosynariae asserit
366 1395 547 1521 „ 26
669 1450 762 1528 „
936 1490 2856 1561 ecclesiam S. Augustini Northburnensem. Hist. mon. S. Aug. Cant. p. 448. — „Iustis
934 1552 1429 1618 petentium desideriis“.
890 1601 2854 1676 12711 Capitulo S. Aug. Cantuariensi petente, ecclesiae eorum „combustae et omnino
368 1570 550 1689 — 27.
673 1618 757 1698 „
941 1667 2852 1731 fere destructae ad reparationem ipsius ecclesiae“ asserit ecclesiam Faureshamensem.
938 1711 2306 1779 Hist. mon. S. Aug. Cant. p. 429. — „Cum ecclesia vestra“
888 1766 2852 1837 12712 Capitulo S. Augustini Cantuariensi concedit, „ne quisquam, abbas sive praelatus,
362 1757 547 1857 „ 28.
665 1771 760 1857 „
936 1828 2854 1885 ecclesiae eorum segrestaniam (sacristaniam) vel camerariam absque consensu totius
938 1881 2852 1956 capituli ad firmam dare vel sibi usurpare praesumat“. Hist. mon. S. Aug. Cant. p. 426.
941 1927 1643 2002 — „Nostrae sollicitudinis est“.
890 1985 2854 2055 12713 Hospitale Pontis populi (d. Luc.), rogatu Massucii rectoris, tuendum suscipit eiusque
364 1945 550 2075 „ 21.
667 2000 762 2135 „
941 2044 2854 2106 bona et iura confirmat ea lege, ut una libra cerae annuatim Lateranensi palatio per-
938 2093 2850 2164 solvatur. Pflugk-Harttung Acta III. 251. (Hoc privilegium revocatur ab Alexandro IV,
936 2150 2306 2212 cf. Posse Anal. Vatic. n. 158). — „Quotiens illud a nobis“.
890 2206 2854 2281 12714 (8432 Monasterii S. Iohannis in Venere possessiones et iura confirmat, petente
326 2135 552 2290 Lan. 1r.
671 2214 764 2292 „
936 2256 2852 2332 Oderisio abbate. Ughelli It. sacr. VI. 709, Migne 200 p. 1075. — „Vox cla-
936 2327 1135 2378 mantis“.
890 2356 2852 2446 12715 (8433) Monasterium S. Eugenii tuendum suscipit et eius possessiones ac iura
366 2376 550 2453 „ 19.
680 2378 748 2455 „
938 2418 2461 2495 confirmat. Lami Eccl. Fl. M. I. 522. — „Quotiens illud a nobis“.
890 2471 2850 2546 12716 Parthenonis Maurianensis-Vallis protectionem suscipit ac disciplinam, bona, privi-
362 2486 547 2563 „ 19.
671 2499 760 2572 „
934 2532 2852 2608 legia confirmat, petente Petronilla abbatissa. Peigné-Delacourt Cartul. de Morienval
934 2597 1992 2658 p. 11. — „Cura nos amovet“ (leg. ammonet.)
890 2641 2852 2716 12717 Monachis S. Aegidii ecclesiam S. Trinitatis de Altorio (dioc. Arelat.) regendam
364 2643 547 2727 „ 21.
673 2654 757 2740 „
936 2705 2847 2769 tradit mandatque, ut ad eius requisitionem aliquem fratrum abbatem ibi instituant.
934 2758 2326 2817 Goiffon Bull. de St.-Gilles p. 87. — „Attendentes religionis“.
888 2804 2852 2886 12718 (8434) Gunteramo, electo Senensi, ecclesiam in Monte Bonizi, a Rainerio eius
360 2784 547 2890 „ 22.
667 2789 753 2950 „
936 2857 2850 2937 praedecessore constructam, addicit. Muratori Ant. It. V. 813, Ughelli It. sacr. III.
938 2919 2843 2996 547, Lami eccl. Fl. mon. IV. 14, Pecci St. di Siena p. 170, Migne 200 p. 1075. —
938 2974 1467 3038 „Communi et speciali“.
890 3012 2850 3093 12719 (8435) Monasterii Boscodunensis protectionem suscipit, et bona confirmat, petente
324 3003 547 3127 Iul. 4.
660 3034 760 3120 „
936 3080 2847 3149 Guigone abbate. In bibl. nat. Paris. ms. lat. 12663. f. 105, ubi clausula desideratur,
934 3133 2845 3210 (Gall. Chr. III. Instr. 186, Migne 200 p. 1077.) — „Religiosam vitam eligen-
936 3197 1100 3266 tibus“.
888 3235 2847 3319 12720 Ecclesiae Barchinonensis tutelam suscipit, terminosque ac possessiones confirmat,
357 3244 545 3336 „ 5.
678 3257 753 3336 „
938 3299 2847 3367 petente Bernardo episcopo. Fidel Fita Estudios historicos p. 85, idem in Boletin de
936 3350 2702 3418 la real acad. de la hist, Madrid 1885, VI. 325. — „In eminenti apostolice“.
885 3396 2845 3498 12721 (8436) Ecclesiae Ulciensis privilegia quaedam confirmat. Ulciensis eccl. chart.
355 3389 547 3577 „(
665 3398 757 3590 „
912 3473 1584 3568 p. 19. — „Cum ecclesia in“.
1071 159 1999 256 ALEXANDER III. 1159—1181.
