3007 3975
707 302 2662 395 1176. (Ind. 9. — 25. Sept. — 10, pont. a. 17. — 20. Sept. — 18, 1175. — 25. Mart. — 1176.)
441 371 673 459 Anagniae
737 379 2708 448 12722 (8437) Ecclesiam Aquileiensem tuendam suscipit, canonicorumque bona con-
187 375 406 454 Iul. 7.
786 446 2706 518 firmat, petente Valderico praeposito. Ughelli It. sacr. V. 69, Migne 200 p. 1077.
790 496 1285 565 — „Quoties illud a“.
737 549 2708 611 12723 Ecclesiae Vetiolanensis tutelam suscipit, possessionesque ac iura confirmat, pe-
220 541 402 627 „ 10.
519 554 614 680 „
786 605 2710 669 tente Guidone praeposito. (Subscriptiones valde sunt corruptae). Miscellanea di storia
788 666 1628 719 Italiana I 304. — „Effectum iusta“.
742 711 2708 779 12724 Concordiam inter Simonem, abbatem Sublacensem, et Philippum de Maranis
220 724 404 792 „ 11.
521 715 612 788 „
784 764 2708 834 super castro Gennae aliisque factam confirmat. Bibl. de i'école des chartes XXXVIII.
790 819 2706 894 1877. p. 110, (Berger Les Reg. d'Innoc. IV. I. 15. n. 56, Pflugk-Harttung Iter p. 280.
784 878 1376 945 n. 662.) — „Cum inter“.
740 934 2708 1002 12725 „Concessionem in feudum castri Gennarum, factam Philippo de Marano et filiis
216 929 402 1011 „ 11.
525 936 607 1013 „
784 982 2034 1048 eius confirmat“. Pflugk-Harttung Iter p. 280. n. 661.
733 1044 2706 1108 12726 Fulconi decano et capitulo Remensi significat, confirmare se constitutionem super
218 1046 402 1119 „ 15.
519 1044 612 1166 „
784 1101 2706 1163 fructibus praebendarum distribuendis, a Samsone quondam archiepiscopo factam et
786 1157 2706 1219 a b. m. Henrico roboratam. Cop. authent. a. 1320 in bibl. nat. Paris. Coll. Baluze
786 1212 1612 1267 385. n. 236. — „Pervenit ad nos“.
733 1252 2708 1331 12727 Monasterii S. Germani de Pratis Parisiensis tutelam suscipit, possessionesque et
223 1245 399 1336 „ 20.
519 1241 612 1391 „
784 1316 2706 1384 privilegia confirmat, petente Hugone abbate. Autogr. in tab. nat. Paris. L. 231 n. 47.
784 1373 2708 1446 (Ex chartul. S. Germani de Pratis LL. 1024. f. 13 in tabul. nat. Paris. misit Delisle.)
790 1433 1336 1497 — „In eminenti beati“.
735 1479 2706 1548 12728 (8438) Parthenonis S. Mariae Suessionensis sororibus, concedit, „ut donec nu-
216 1477 399 1552 „ 21.
521 1417 616 1576 „
784 1543 2704 1603 merus monialium ad octogenarium reducatur, nullam nisi urgente mortis articulo
784 1594 2706 1656 in sororem recipere, aut numerum ipsum, cum ad eum redactae fuerint, transgredi
784 1654 2704 1722 debeant“. Germain Hist. de Notre-dame de Soiss. p. 442, Migne 200 p. 1079. —
786 1698 1290 1766 „Cum in monasterio“.
218 1753 395 1828 „ 30.
733 1749 2706 1835 12729 Episcopos Scotiae ab Hen(rico) Anglorum rege iurare coactos esse, quod ecclesiae
519 1751 616 1883 „
788 1817 2704 1879 Anglicanae obedirent, vehementer dolet. Scribit, mandasse se (Rogero) archiepiscopo
784 1870 2704 1930 Eboracensi, ut „in eos ius metropoliticum non exerceat“, donec causa a sese termi-
786 1927 2699 1989 nata sit. Registr. ep. Glasguens. I. 35, Haddan and Stubbs Councils II. I. 245. —
786 1985 1274 2049 „Super anxietatibus“.
218 2031 397 2102 „ 31.
731 2020 2706 2100 12730 Priori et capitulo monasterii S. Augustini Cantuariensis asserit ecclesiam de
521 2031 614 2126 „
788 2091 2706 2153 Middletone, ecclesiam de Faversham, cet. Monast. Anglic. nov. ed. I. 134. — „Iustis
784 2148 1277 2206 petentium desideriis“.
161 2108 406 2270 daseg.
737 2181 2704 2263 12731 Ecclesiae S. Andreae Moscianensis possessiones et iura confirmat, petente Angelo
519 2210 605 2298 „
784 2248 2527 2325 priore. („XV. kal. . . .“) Pflugk-Harttung Iter p. 280. — „Quotiens illud“.
181 2285 395 2382 Sept. 2.
737 2314 2702 2376 12732 (8442) Monasterii Lenensis protectionem suscipit, possessionesque ac privilegia
523 2320 609 2385 „
784 2367 2704 2426 confirmat, petente Daniele abbate. Zaccaria Della badia di Leno p. 238. — „Desi-
784 2422 1210 2488 derium, quod ad“.
218 2468 388 2541 „ 2.
733 2464 2702 2541 12733 (8443) Domus Cartusiensis omniumque ordinis domuum protectionem suscipit,
510 2475 612 2585 „
784 2532 2702 2599 possessiones confirmat, privilegia quaedam instituit, petente Guidone priore. Privi-
788 2590 2699 2652 legia ord. Cart. f. 1, Nova coll. stat. ord. Cart. append. p. 1, Mansi XXI. 1056,
786 2641 1816 2709 Migne 200 p. 1080. — „Cum vos per Dei“.
214 2680 402 2749 „ 13.
733 2689 2699 2756 12734 Waltero, abbati Westmonasterii, et eius successoribus usum mitrae, anuli, dal-
519 2705 618 2815 „
782 2742 2699 2815 maticae, tunicae, sandaliorum concedit. Monast. Anglic. nov. ed. I. 311. — „Largitione
782 2806 1153 2866 nostri muneris“.
214 2837 402 2923 „ 19.
733 2844 2702 2923 12735 Parthenonis de Comps tutelam suscipit, bonaque et iura confirmat. In bibl. nat.
514 2855 616 2987 „
784 2915 2699 2972 Paris. ms. lat. 12750. f. 199, ms. lat. 12818. f. 272. (Mém. de l'acad. de Clermont-
786 2970 2600 3027 Ferrand XIX. 294, Mon. pont. Arverniae p. 302.) — „Prudentibus virginibus“.
178 2994 399 3109 Oct. 15.
735 3023 2699 3093 12736 Ecclesiae S. Mariae de Vigesimo possessiones confirmat, petente Hugone priore.
519 3005 609 3107 „
782 3074 1917 3146 Pflugk-Harttung Iter p. 280. — „Quotiens illud“.
733 3129 2699 3193 Annal. Ceccanenses 1176 in MG. SS. XIX. 286. „12 kal. Nov. venit cancellarius im-
214 3111 402 3191 „ 21.
523 3102 598 3206 „
782 3186 1811 3246 peratoris Anagniam ad papam Alexandrum“.
183 3230 355 3345 (Nor.)
735 3237 2697 3310 12737 (8444) A. (Hildebrando), basilicae XIl apostororum presbytero, et A(rdicioni),
505 3235 618 3367 („)
784 3301 2697 3363 S. Theodori diacono cardinalibus, apostolicae sedis legatis, nunciat, (Wichmannum),
784 3354 2697 3416 archiepiscopum Magdeburgensem, C(hristianum) cancellarium (archiepiscopum Mogun-
784 3405 2695 3467 tinum), (Conradum) electum Wormatiensem et A(rduinum), protonotarium F(ride-
784 3464 2695 3566 rici) dicti imperatoris; ad pacificandum missos, ab ipso impetrare mon potuisse, ut
2328 3517 2421 3612 38*
976 145 1902 234 ALEXANDER III. 1159—1181.
2580 150 2710 247 299
