3007 3975
300 170 428 260 300
846 313 2788 404 1176. (Ind. 9. — 25. Sept. — 10, pont. a. 17. — 20. Sept. — 18, 1175. — 25. Mart. — 1176.)
930 390 2843 465 „sine Lombardis, aut sine (Willelmi) regis Siciliae, vel (Manuelis) Constantinopolitani
930 454 2843 523 imperatoris (assensu) pacem ad plenum statueret“. Ex conventu se in Lombardiam
930 516 2845 569 cum regis Siciliae nunciis, per litteras vocandis, venturum esse. Mandat, „rectores et
932 563 2843 633 consules societatis Lombardiae moneant, ut, ad quem locum securius applicare possit,
932 620 2843 684 et liberius et honestius de pace tractare, sibi sine dilatione significent, et interim
934 673 2845 744 societatem et unitatem suam consolident et confirment“. Pez Thes. anecd. VI. I. 397,
934 728 1964 797 Migne 200 p. 1081. — „Pro tractata pace“.
329 722 554 859 oar. 2.
581 724 821 867 Aaarniae
879 779 2850 843 12738 Ecclesiae S. Basilii Senensis tutelam suscipit, bonaque et iura confirmat, petente
938 839 2775 896 Madio presbyterio. Pflugk-Harttung Acta III. 253. — „Quotiens illud a nobis“.
357 896 543 980 „ 8.
665 903 751 971 „
881 887 2850 949 12739 (8445) Inter (Theobaldum) Placentinum et Parmensem episcopos, sententiam de
936 951 2847 1015 ecclesia Castri Speculi et ecclesia S. Christinae a (lohanne) episcopo Brixiensi latam
934 1004 2847 1068 probat. Campi Hist. di Piac. II. 364, Migne 200 p. 1082: „VI. id. Nov.“, (Pflugk-
934 1051 2425 1115 Harttung Iter p. 73: „II. id. Nov.“). — „Ex litteris venerabilis“.
355 1106 545 1188 „ S.
673 1060 753 1196 „
890 1110 2847 1177 12740 (8446) Monasterii Schoenthalensis protectionem suscipit, possessiones confirmat,
938 1168 2841 1238 privilegia instituit, petente Hartwico abbate. Wirtemberg. Urkundenb. II. 179. —
938 1216 1654 1285 „Religiosam vitam eligentibus“.
362 1249 550 1358 „ 15.
665 1287 762 1362 „
885 1267 2852 1338 12741 (8447) Monasterii S. Germani Parisiensis protectionem suscipit, possessionesque ac
936 1333 2847 1397 iura confirmat, petente Hugone abbate. Bouillart Hist. de St. Germain des Prez Pr.
936 1386 2216 1457 p. 44, Migne 200 p. 1083. — „Monet nos apostolicae“.
364 1435 541 1521 „ 28.
673 1455 762 1519 „
888 1439 2852 1506 12742 (8448) Ecclesiae S. Laurentii Florentinae protectionem suscipit, et bona iuraque
936 1497 2850 1563 confirmat, petente Bernardo priore. Lami Eccl. Fl. Mon. III. 1780, Cianfogni Mem.
934 1554 2412 1609 ist. p. 205, Migne 200 p. 1084. — „Piae voluntatis postulatio“.
309 1607 512 1696 c. Nov.
658 1556 766 1684 („)
888 1601 2852 1669 12743 (8449) Rectoribus Marchiae respondet, ne credant, se cum imperatore pacem iam
936 1660 2854 1729 composuisse. Licet (Wichmannus) archiepiscopus Magdeburgensis, O. (Christianus
936 1718 2854 1777 archiepiscopus Moguntinus) cancellarius, (Conradus) electus Wormatiensis et (Arduinus)
936 1773 2850 1835 protonotarius imperatoris pacificatum venissent, moveri se non potuisse, „ut pacem
936 1824 2854 1890 ecclesiae sine (pace) eorum et (Willelmi) regis Siciliae et aliorum adiutorum ecclesiae
936 1883 2852 1943 reciperet“. Nunciat, una cum regis Siciliae nunciis se ad eos venturum. Haec addit:
941 1930 2852 2002 „viriliter agite et in domino confortamini ac vestro pio proposito persistentes, donec
941 1991 2852 2053 pax consummet societatem vestram, in eodem proposito propensius solidandam“. Pez
938 2044 2850 2108 Thes. anecd. VI. I. 388, Gloria Cod. dipl. Padov. II. 332, Migne 200 p. 1086. —
938 2100 1526 2170 „Intelleximus ex litteris“.
331 2106 550 2230 Der. 6.
600 2102 819 2228 Anagpia
885 2144 2739 2219 proficiscitur „8 id. Decembris“. Annal. Ceccanenses 1176 in MG. SS. XIX. 286.
371 2232 417 2314 „
578 2212 839 2287 per terram
894 2210 2094 2281 Vide Romualdi Salern. Annal. in MG. SS. XIX. 443.
614 2270 810 2327 Laboris
368 2279 547 2391 „ 25.
594 2323 835 2402 Beneventi
890 2303 2105 2387 „Festo nativitatis“. Romualdi Salern. Annal. p. 443.
366 2371 550 2466 „ 29.
678 2391 748 2486 „
894 2358 2854 2446 12744 (8450) Domus S. Iuliani Pereirensis protectionem suscipit, possessionesque ac pri-
945 2429 2852 2488 vilegia confirmat. Diffiniciones de Calatrava p. 58, Torres y Tapia Cron. de Alcantara I.
943 2482 2847 2541 82— 84, Henriquez Regula p. 506, Migne 200 p. 1086. — „Quoties illud a nobis“.
373 2530 556 2621 „ 30.
676 2552 771 2652 „
892 2530 2852 2608 12745 (8451) Petro, tit. S. Chrysogoni presbytero cardinali, apostolicae sedis legato,
943 2592 2856 2661 mandat, ut monasterium S. Maglorii Parisiense tueatur, a Ludovico Francorum rege
947 2641 2854 2714 sibi commendatum. Duchesne H. Fr. SS. IV. 565, Bouquet Rec, XV. 955, Mansi
952 2700 2185 2771 XXI. 968, Migne 200 p. 1087. — „Ita sollicite nos“.
375 2744 556 2842 „ 31.
680 2725 766 2857 „
897 2751 2856 2817 12746 (8452) *Monasterio Laetiensi „de altaribus et omnimoda libertate ecclesiae“ bullam
943 2802 2434 2879 tribuit. Reiffenberg Monuments VII. 657, (Migne 200 p. 1088.)
377 2850 558 2948 „ 31.
689 2859 766 2952 „
897 2864 2854 2934 12747 (8453) Monasterii S. Gisleni protectionem suscipit, possessionesque ac privilegia,
947 2917 2852 2994 petente Lamberto abbate, confirmat. Reiffenberg Monuments VIII. 385, Migne 200
945 2976 1811 3045 p. 1088. — „Quotiens a nobis illud“.
375 3021 558 3146 „ 31.
671 3034 777 3127 „
899 3021 2854 3104 12748 Heriberto abbati S. Theoderici Remensis bullam dat. Neues Archiv VII. 103.
950 3078 1486 3153 — „Religiosam vitam“.
897 3129 2854 3206 12749 (8454) Archiepiscopum Eboracensem et Cantuariensem eodem loco et numero
950 3186 2852 3255 haberi iubet, modo „ut prior habeatur, qui prius fuerit ordinatus“. Radulf. de Diceto
950 3246 2854 3312 Im. Hist. ap. Twysden H. A. SS. I. 589, Opp. ed. Stubbs I. 406, Gilberti Foliot
950 3301 2587 3369 epist. ed. Giles II 75, Migne 200 p. 1090. — „Antiquam Eboracensis“.
899 3352 2854 3420 12750 Monasterii Tironiensis patrocinium suscipit, possessionesque et privilegia confir-
952 3407 2852 3484 mat, petente Stephano abbate. (1177, p. a. XVII.) Merlet Cart. de la Ste-Trinité
952 3471 2112 3568 de Riron II. 9S. — „Religiosis desideriis dignum“.
1106 161 2034 262 ALEXANDER III. 1159—1181.
