3007 3975
700 306 2646 397 1176. (Ind. 9. — 25. Sept. — 10, pont. a. 17. — 20. Sept. — 18, 1175. — 25. Mart. — 1176.)
729 375 2697 450 12751 *Philippo, abbati monasterii de Melsa, bullam tribuit. Chron. mon. de Melsa I. 178.
733 446 2697 516 12752 *Monasterio S. Salvatoris de insula Senensi privilegium dat. Pflugk-Harttung
782 492 1080 569 Iter p. 278.
700 549 932 642 c. 1178.
729 611 2699 711 12753 (8455) Episcopo Exoniensi (al. wigorniensi) mandat. interdicat O(aufredo), electo
782 704 2699 768 Lincolniensi, „cum eius non sit electio confirmata, ne archidiaconatum vel praebendam
779 761 2697 823 cuiquam concedat“. App. con. Lat. XL. 1, Coll. Lips. XXXI. 7, Coll. Cass. XL. 5,
782 810 2695 874 Coll. Bamb. XXX. 5, Comp. I. I. 1 t. 4. c. 18, Decr. Greg. L. I. t. 6. c. 9. — „Nosti, sicut“.
729 859 2699 934 12754 (8456) G(aufrido) electo Lincolniensi scribit de praebenda, quam S. archidiaconus
782 923 2702 989 G. nepoti eis contulerit. App. conc. Lat. XXX. 7, Comp. II. I. 1. t. 5. c. 1. — „De multa
777 978 1071 1042 liberalitate“.
731 1020 2702 1095 12755 R(uperto) abbati Tegernseensi ob fidem erga Romanam ecclesiam gratias agit.
784 1082 2702 1152 Mandat, ut A(lbertum) abbatem Benedictoburanum, canonice electum et ab H(enrico)
782 1148 2702 1207 quondam Gurcensi episcopo (ed. Efginone] Curiensi episcopo) benedictum, contra
782 1201 2697 1265 (Walterum) abbatem, ab (Hartwico) „dicto Augustensi episcopo intrusum, tueatur,
784 1256 2702 1316 curetque ut monachi Albertum, eiecto intruso, abbatem recipiant. Quod nisi fecerint,
786 1316 2704 1369 e0s excommunicari et in monasterio divina officia prohiberi iubet. (Correxi ex copia
786 1369 2702 1424 cod. lat. Monac. 19411, olim Tegerns. 1411 f. 213 in schedis Mon. Germ.). Pez
782 1415 1886 1484 Thes. Anecd. III. III. 636. — „Rediens ad nos“.
735 1461 2704 1537 12756 R(uperti) S. Quirini Tegernseensis et A(lberti) Benedictoburani abbatum, „in
786 1537 2704 1592 medio pravae nationis positorum“, fidem erga sedem apostolicam laudat. Nuntiat,
786 1574 2704 1654 A. et V., fratres Conradi monachi Benedictoburani, qui D. (leg. Hartwico) intruso
788 1647 2704 1707 Augustensi favere noluerint, feudis suis privatos, et cum recuperare ea voluissent,
786 1702 2706 1753 occisos esse. Mandat, ut ecclesiasticam sepulturam eis indulgeant, si ante mortem
786 1751 2706 1824 certa poenitentiae indicia dederint. PexThes. Anecd. III. IIr. 640. — „Referente nobis“.
704 1815 1031 1896 1159—1177.
187 1874 402 1985 Dec. 1.
441 1870 671 1998 Annenine
737 1879 2494 1961 12757 Abbati et fratribus Gardensibus bullam dat. Neues Archiy VII. 103.
218 1945 393 2047 „ 30.
528 1976 596 2067 „
737 1952 2706 2020 12758 (8457) Rectores Lombardiae hortatur, ut cives Mutinenses a monasterii Nonan-
786 2016 2702 2082 tulani oppressione revocent. Tiraboschi St. di Non. II 275, Migne 200 p. 1090. —
788 2071 1343 2135 „Quanto vos sinceriori“.
220 2095 399 2212 „ 20.
525 2139 616 2217 „
740 2120 2708 2188 12759 Fratribus S. Gervasii (de Fossis) praecipit, nisi post mortem abbatis in eorum
788 2181 2706 2237 monasterio persona idonea inveniatur, ut ex collegio S. Aegidii abbatem eligant.
786 2234 2253 2290 Goiffon Bull. de St.-Gilles p. 88. — „Cum monasterium sancti“.
216 2254 399 2380 „ 28.
514 2305 616 2376 „
740 2285 2708 2351 12760 Infirmos de Barulo eorumque possessiones tuendas suscipit. Prologo Le carte
788 2338 1710 2411 di Trani p. 257. — „Eos quos manus“.
737 2385 2708 2466 12761 (8459) lohanni, episcopo Casertano, scribit de quorundam tertio gradu coniunc-
786 2455 2706 2528 torum matrimoniis dirimendis. Theineri disqu. crit. p. 431, Migne 200 p. 1092. —
790 2517 1204 2583 „Super eo, quod“.
704 2579 1031 2652 1167—1177.
430 2643 680 2733 Beneventi
735 2643 2706 2722 12762 (8460) Capitulum S. Satyri hortatur, ut abbati obediant et leges ordinis obser-
790 2718 2706 2784 vent. Duchesne Hist. Fr. SS. IV. 604, Martene Coll. VI. 238, Mansi XXI. 994,
790 2764 1787 2846 Migne 200 p. 1092. — „Eos, qui relictis“.
704 2844 1036 2921 1168—1177.
190 2910 408 2987 lan. 4.
426 2906 678 2994 Beneventi
735 2919 2708 2987 12763 Decano Parisiensi et abbati S. Germani de Pratis sribit de instituendis novis
786 2981 2708 3040 praebendis in ecclesia S. Oportunae, ad ordinationem capituli S. Germani Autissio-
786 3032 2706 3100 dorensis pertinenti. In tabul. nat. Paris. Cartul de St. Germain I'Auxerrois s. XIII.
784 3080 1665 3155 LL. 489 f. 31. — „Pervenit ad nos“.
704 3155 1031 3252 1173—1177.
185 3197 399 3336 Dec. 22.
437 3230 673 3339 Anagniae
740 3235 2710 3305 12764 (8461) (Mauritio) Parisiensi et (Henrico) Silvanectensi episcopis et (Petro) abbati
786 3297 2710 3363 S. Remigii Remensis mandat, cogant Hu. pincernam Ludovici, Francorum regis, ut
788 3352 2710 3418 monachis Cluniacensibus ablatum nemus Sagitta rcstituant. Bouquet Rec. XV. 938,
790 3407 2708 3491 Migne 200 p. 1093: „XI. kal. lan.“. (In bibl. nat. Paris. Coll. Baluxe 46 f. 104:
790 3453 1712 3570 „VI. hal. lan.-). — „Oileeti ali nostri“.
969 145 1886 240 ALEXANDER III. 1159—1181.
2569 154 2695 251 301
