3007 3975
291 176 419 269 302
835 326 1164 410 1173—1177.
309 390 536 483 Der. 23.
574 404 808 488 Anagniae
872 399 2845 479 12765 Danieli abbati et fratribus Camberonensibus bona quaedam asserit. De Smet
919 465 2461 523 Cart. de l'abb. de Cambron I. 10. — „Iustis petentium desideriis“.
351 514 530 594 „ 24.
651 530 744 611 „
874 516 2845 585 12766 (8462) R(ichardi), episcopi S. Andreae, et ceterorum episcoporum per Scotiam
923 576 2836 642 constitutorum privilegia confirmat. Wilkins Conc. I. 461, Migne 200 p. 1093. —
925 636 1416 689 „Admonet nos cura“.
346 647 530 792 „ 29
645 658 751 795 „
872 666 2839 753 12767 (8458) Petente Adlberico), episcopo Laudensi, confirmat sententiam ab Ariberto,
923 733 2841 801 quondam S. Anastasiae presbytero cardinali latam, qua vicedominatus ecclesiae Lau-
923 795 2839 861 densis Lanfranco de Trissino, militi Laudensi, ademptus erat. Ughelli It. sacr. IV.
925 848 2841 916 669, Molossi Mem. de uomini ill. di Lodi I. 171, Vignati S. Alberto Quadrelli p. 24,
930 903 2841 980 Vignati Cod. dipl. Laud. II. 52, ubi perperam epistola a. 1168 ascribitur, Migne 200
925 958 1727 1035 p. 1091. — „Ex quodam scripto“.
841 1040 2240 1132 1177. (Ind. 10. — 25. Sept. — 11, pont. a. 15. — 20. Sept. — 19.)
311 1033 534 1181 r„ „
565 1097 810 1183 Beneventi
870 1108 2353 1188 „in epiphania“. Romualdi Salern. Annal. in MG. SS. XIX. 443.
612 1172 779 1238 Troiae
872 1177 2828 1238 Vide Bosonis card. vit. Alex. ap. Watterich II. 434, Romualdi Salern. Annal. p. 443.
349 1219 528 1307 „ 20.
598 1223 779 1344 Siponti
874 1230 2843 1294 12768 Canonicis Pistoriensibus asserit, quidquid eis in ecclesia S. Petri Romei, iuxta
925 1291 2841 1358 flumen Umbrone situm, T(raccia) episcopus Pistoriensis contulerat. Pflugk-Harttung
925 1338 2012 1400 Acta III. 253. — „Iustis petentium desideriis“,
353 1380 530 1470 „ 24.
653 1413 748 1484 „
874 1395 2839 1466 12769 Monasterii S. Stephani Cadomensis tutelam suscipit, possessionesque et libertates,
925 1453 2839 1517 ab Anglorum regibus iudultas, confirmat, petente Willelmo abbate. („Dat. p. m. Grat.
923 1499 2834 1572 subdiaconi noy kal. Febr.“ et cetera. Verbum abbreviatum non „notarii“ sed „nono“
923 1554 2836 1627 legendum esse puto). Copia vidim. a. 1453 in Arch. dép. du Calvados in Caen,
927 1620 2836 1684 fonds de St. Etienne n. 22, (Copia moderna in bibl. nat. Paris. Chartes de St.
925 1671 2839 1740 Etienne de Caen, ms. lat. nouv. acquis. 1406, cuius folia numeris adhuc carent.)
927 1724 1729 1797 — „Religiosam vitam eligentibus“.
353 1757 530 1863 „ 26.
642 1764 762 1877 „
872 1779 2836 1846 12770 (8464) Monasterii S. Vedasti protectionem suscipit, bonaque ac privilegia, petente
925 1835 2834 1903 Martino abbate, confirmat. Martene et Dur. Vet. Script. I. 901, Migne 200 p. 1095.
934 1899 1418 1961 — „Quoties illud a“.
355 1921 530 2044 „ 27.
645 1870 766 2040 „
872 1923 2839 2022 12771 Compositionem inter Monasteriummaius et abbatem de Bellabranca super decimis
925 1996 2836 2062 quibusdam factam approbat. In bibl. nat. Paris. ms. lat. 12679. (Monasticon Bene-
923 2049 1964 2124 dictin. XXII.) f. 102“. — „Cum velim paci“.
353 2089 528 2203 „ 28.
658 2124 744 2201 „
877 2111 2836 2179 12772 Ecclesiae Tranensis, Romanae tantum sedi subiectae, protectionem suscipit et
927 2173 2836 2232 possessiones confirmat. Bertrando archiepiscopo eiusque successoribus pallii honorem
925 2214 2501 2279 concedit. Prologo Le carte di Trani p. 144. — „Iustis fratrum et“.
315 2250 536 2387 vebr. 1.
603 2252 793 2385 Pogiae
874 2265 2839 2347 12773 (8463) Monasterii Scotorum S. lacobi Ratisponensis protectionem suscipit, bonaque
925 2325 2839 2391 et privilegia, petente Gregorio abbate, confirmat. (Ante „Kalendas Februarii“ exci-
925 2389 2839 2446 disse numeri notam, putaverat Jaffé; sed autographum „kal. Febr.“ praebere legitur
927 2435 2839 2504 in Second report of histor. mss. p. 202. Cf. etiam Neues Archiv IV. 621.) Ried. I.
925 2486 2222 2563 247, Migne 200 p. 1094. — „Pie postulatio voluntatis“.
353 2526 835 2632 „ 3. ap. montem
872 2541 2836 2614 12774 Inter ecclesiam S. Stephani Divionensem et ducem Burgundiae pactum a P(etro)
567 2610 821 2696 Garganum
930 2599 2836 2674 presbytero cardinali tit. S. Chrysogoni, ap. sed. legato, super capella quadam con-
927 2663 2830 2738 struenda factum confirmat. Fyot Hist. de St. Etienne de Diion, Preuves p. 150. —
927 2711 1407 2784 „Cum teneamur ex“.
349 2762 532 2857 „ 4.
658 2789 757 2877 „
874 2751 2839 2833 12775 (Diepoldo) episcopo Passaviensi mandat, cogat Ottonem de Reperc, ut „in ec-
925 2826 2839 2884 clesia S. Andreae nullam sibi iurisdictionem vendicet, et eam praeposito et fratribus
927 2879 2834 2943 S. Georgii libere et quiete dimittat“. Arch. f. Kunde Oester. Gesch. Quellen IX. 264,
930 2928 2573 2994 Marian Gesch. der oesterr. Klerisey IX. 193. — „Relatum est auribus“.
342 2928 532 3065 „ „
649 2992 755 3065 „
872 2987 2836 3058 12776 (Gilberto) episcopo Londoniensi et abbati Evershamensi mandat, ut Osbertum
925 3036 2836 3107 clericum ecclesiam de Culerne fratribus Malmesburiensibus restituere iubeant, aut si
927 3093 2836 3168 „causam intrare maluerit“, litem iudicio determinent. Registrum Malmesbur. I. 372.
927 3153 1469 3221 — „Querelam abbatis“.
346 3166 532 3274 „ 5.
669 3197 740 3277 „
877 3188 2836 3270 12777 (Gilberto) episcopo Londoniensi et abbati Evershamensi mandat, moneant Christo-
930 3255 2834 3327 phorum clericum, ut ecclesiam de Danteseia monasterio Malmesburiensi reddat.
925 3308 2317 3376 Registrum Malmesbur. I. 373. — „Ex conquestione abbatis“.
344 3361 534 3506 „ 3.
609 3308 790 3498 (a
877 3358 2836 3438 12778 (8465) Monasterii S. Mariae Pulsanensis protectionem suscipit, possessionesque
930 3427 2834 3504 ac privilegia, petente Antonio priore, confirmat. Mittarelli Ann. Cam. IV. app. p. 64,
934 3475 1902 3590 Nigne 300 p. 1697. — „Suoties ias a“.
1111 172 2037 269 ALEXANDER III. 1159—1181.
