3007 3975
687 309 2087 395 1177. (Ind. 10. — 25. Sept. — 11, pont. a. 18. — 20. Sept. — 19.)
172 371 380 472 Febr. 10.
441 359 656 465 (Vestae)
720 390 2691 459 12779 (8466) Ecclesiam Monopolitanam, petente Stephano episcopo, tuendam suscipit,
768 452 2688 510 et bona eius confirmat. (Fragmentum) Ughelli It. sacr. I. 967, (Migne 200 p. 1098.)
207 501 382 583 „ 11.
461 496 629 583 Vestae
720 494 2688 563 12780 GGilbertum) Londoniensem et (Rogerum) Wigorniensem episcopos iudices con-
773 560 2693 618 stituit inter fratres Malmesburienses, soli sedi Romanae subditos, et (Iocelinum) epis-
771 618 2691 682 copum Sarisberiensem, iura quaedam in eodem monasterio sibi vindicantem. Registrum
775 669 1694 724 Malmesbur. I. 370. — „Cum, sicut ex“.
207 726 384 806 „ 12.
510 737 592 810 „
720 715 2693 790 12781 Monasterii Malmesburiensis ecclesias de Westeport et de Perituna confirmat.
773 777 2691 850 Decimas de (novalibus) vel de nutrimentis animalium ab eis exigi vetat. Registrum
775 830 1966 896 Malmesbur. I. 369. — „Iustis petentium desideriis“.
216 883 377 971 „ 12.
508 896 598 995 „
724 889 2691 956 12782 Monasterii Abbendonensis protectionem. suscipit et reditus sacristae, cantoris,
771 936 2691 1007 camerarii, eleemosynarii, ceterorum officialium monasterii confirmat. Chron. monast.
773 998 2081 1060 de Abingdon II. 313. — „Sacrosancta Romana ecclesia“.
207 1048 384 1130 „ 15.
505 1053 598 1126 „
724 1053 2695 1110 12783 Monasterii S. Mariae et S. Evodii Branensis tutelam suscipit, possessionesque et
773 1108 2691 1172 privilegia confirmat, petente Balduino abbate. In tabul. nat. Paris. Cart. de S. Vved
773 1161 2134 1227 de Braine s. XIII. LL. 1583. f. 13. — „Quotiens illud a“.
212 1214 382 1294 „ 16.
508 1205 603 1287 „
726 1214 2693 1278 12784 Compositiones inter monasterium S. Germani de Pratis Parisiense et nobilem virum
775 1269 2693 1336 R. de Matriolis ab (Willelmo) olim Senonensi, nunc archiepiscopo Remensi, factas
773 1331 2492 1386 approbat. Autogr. in tab. nat. Paris L. 230 n. 13. — „Ex litteris dilecti“.
214 1322 384 1479 „
512 1380 607 1477 „
722 1378 2693 1444 12785 (8467) Willelmo, archiepiscopo Remensi, apostolicae sedis legato, mandat, ut
775 1442 2693 1499 „convocatis magistris scholarum Parisiensium et Remensium et aliarum circumposi-
775 1497 2693 1554 tarum civitatum interdicat, ne quis dicere audeat, Christum non esse aliquid secun-
775 1552 2693 1609 dum quod homo; quia“ inquit „sicut verus deus, ita verus est homo, ex anima ratio-
775 1605 2693 1665 nali et humana carne subsistens“. Duchesne Hist. des card. Francais II. 133, (Mansi
775 1656 2693 1724 XXI. 1081, App. conc. Lat. XLIX. 20, Coll. Cass. XXXIX. 1, Comp. I. L. 5 t. 6. c. 5,
775 1707 2129 1784 Decr. Greg. L. V. t. 7 c. 7). — „Cum Christus perfectus“.
209 1755 391 1841 „ 23.
510 1784 600 1848 „
724 1771 2691 1835 12786 Ecclesiae Belnensis possessiones confirmat. Pflugk-Harttung Acta I. 261. —
775 1815 1168 1883 „Ideo nobis est“.
205 1879 386 1947 „ 25.
505 1870 607 2002 „
724 1872 2695 1947 12787 (Gilberto) Londoniensi et (Rogero) Wigorniensi episcopis mandat, ne fratres
777 1936 2693 1994 Malmesburienses a mercatoribus asserentibus, sese quibusdam eorum pecuniam mutuo de-
775 1987 2697 2051 disse, inquietari patiantur, si constiterit, pecuniam sine assensu abbatis et capituli
775 2040 2445 2111 datam esse. Registrum Malmesbur. I. 374. — „Conquestionem abbatis“.
209 2080 388 2177 „ 26.
505 2031 605 2175 „
722 2093 2695 2159 12788 Fratribus Malmesburiensibus indulget, ut in parochialibus ecclesiis personas eli-
775 2157 2693 2223 gant ac diocesano episcopo praesentent. Registrum Malmesbur. I. 369. — „Congruam
775 2212 1098 2274 officii nostri“.
209 2259 391 2343 „ 28.
508 2263 607 2365 „
724 2263 2695 2327 12789 (8468) Maioris -monasterii protectionem suscipit, possessionesque et privilegia,
779 2320 2695 2389 petente Petro abbate, confirmat. Institut des prov., Mém. 2“ série T. I. p. LXXXIV,
775 2376 1807 2440 Migne 200 p. 1099. — „In eo loco sumus“.
152 2351 399 2513 Faanan.
499 2351 605 2499 „
726 2426 2695 2493 12790 *Monasterii S. lohannis in Venere possessiones confirmat, petente Oderisio abbate.
775 2484 2695 2544 (Sane abbatem S. Iohannis tunc temporis Vestae apud papam fuisse, probant Ann.
775 2535 2695 2599 S. Stephani protomart. 1177 ap. Saraceni La cronaca di S. Stephano p. 35). Bindi
775 2592 2249 2658 S. Giovanni in Venere p. 63, Bindi Castel S. Flaviano IV. 215.
174 2621 391 2711 Mart. 4.
503 2645 605 2718 „
724 2650 2695 2714 12791 Monasterio Viconiensi nemus de Atignies et Arcies, ab Aegidio de S. Auberto,
775 2705 2695 2773 cum gravi infirmitate detineretur, restitutum asserit. (Pro „VIII. non. Maii“ leg. puto
777 2753 2695 2826 „IIII. non. Martii“.) In bibl. nat. Paris. Coll. Moreau t. 70 f. 252. — „Insinuatum
775 2809 1029 2877 est nobis“.
212 2855 393 2939 „ 9.
477 2828 634 2934 Vesta
722 2866 2697 2930 navi profisciscitur „in quarta feria, quando ieiunium inchoabatur, nono sc. die intrante
777 2928 2695 2983 mensis Martii“, Romoaldi Saleruit. Ann. in MG. SS. XIX. 443; cf. Ann. S. Steph.
782 2976 2697 3043 1177 ap. Saraceni La cronaca di S. Stefano p. 35. „Circa medium noctis instantis
775 3032 2512 3096 quadragesimae valde mane“, Bosonis card. vit. Alex. ap. Watterich II. 436.
209 3005 684 3151 „ „ magtan.
724 3085 2695 3157 (al. Palatiosam; „eadem die circa noctem“ pervenit. Bosonis card. vit. Alex. p. 436,
415 3140 687 3195 Palacrosam
777 3140 1908 3202 qui aut Pelagosam aut Pianosam significare vult.
214 3184 684 3259 „ 10.  in insulam
724 3195 2697 3261 pervenit „die altera“, Bosonis card. vit. Alex. p. 437. Cf. Vitam S. Raynerii in Act. SS.
444 3248 656 3310 Allexam
782 3252 2695 3316 August. T. I. 356: „Alexander papa navigavit ab Apulia et venit ad insulam Lissa;
775 3301 1336 3369 festinabat ire Venetias“.
231 3356 256 3425 „
410 3354 682 3427 per ceteras
724 3356 2034 3418 insulas Dalmatiae. Vide Bosonis card. vit. Alex. p. 437.
214 3400 395 3513 „ 18.
446 3414 656 3511 Iaderam
729 3405 2695 3493 navi egreditur „in proxima dominica“, Bosonis card. vita Alex. p. 437, Romoaldi Salern.
786 3471 1475 3575 Aunal. in 50. SS. XIX. 443.
956 154 1880 247 ALEXANDER III. 1159— 1181.
2562 150 2691 253 303
