3007 3975
307 183 437 269 304
852 326 2235 424 1177. (Ind. 10. — 25. Sept. — 11, pont. a. 18. — 20. Sept. — 19.
329 382 543 477 Mart. 16.
609 362 804 483 raderae
888 406 2854 477 12792 Philippo, civi Barensi, eiusque successoribus indulget, ut in ecclesia SS. Petri et
938 465 2852 530 Andreae, non longe a castello Basiliano constructa, capellanum eligant et Barensi archi-
934 518 2850 585 episcopo praesentent. Alia iura addit. Pflugk-Harttung ActaIII. 254. — „Votis et desideriis“.
366 571 543 647 „ 17.
618 578 797 636 Iadera
885 576 2436 642 profisciscitur „post quartam diem“. Bosonis card. vit. Alex. p. 437.
366 638 406 708 „
572 624 837 702 per insulas
881 633 2671 700 Solavorum et maritimas Histriae civitates. V. Bosonis card. vit Alex. p. 437.
362 680 843 761 „ 23. apud S. Ni-
881 682 2852 746 Hist. ducum Venet. in MG. SS. XIV. 82: „die septimo, (immo nono) exeunte mense
581 748 841 801 colaum ad
936 742 2847 812 Martio“; quibus verbis significari diem 23 m. Martii, liquet ex ipsa Hist. Veneta.
634 795 768 856 litus
932 797 2847 856 Romoaldi Salern. Annal. in MG. SS. XIX. 443: „nono die stante mensis Martii“.
362 828 852 929 „ 24. Venetias ad
879 843 2847 916 pervenit „altera die, quae fuit vigilia annuntiationis b. Mariae“, Hist. ducum Venet. I. I.
561 912 848 978 ecclesiam b.
927 909 2850 982 Annal. Pegav 1177 in MG. SS. XVI. 261. „Nono kal. Aprilis“, Bosonis card. vita
634 965 788 1026 Marci
936 965 1261 1022 Alex. p. 437.
366 1009 543 1097 „ 25.
609 1022 813 1093 Venetiis
883 1007 2845 1079 „in festo annunciationis virginis“, Romoaldi Salernit. Ann. p. 444, Hist. ducum Venet.
930 1075 1551 1130 I. I. p. 82, cf. ibid. p. 72.
338 1099 441 1214 („)
649 1128 753 1212 („)
888 1113 2854 1194 12793 *Universis episcopis et rectoribus civitatum Lombardiae mandat, „ut in dominica
938 1181 2847 1252 die dominicae passionis (10. Apr.) ad eius praesentiam in civitate Ferrariae conveniant“.
936 1238 2028 1294 Bosonis card. vita Alex. ap. Watterich II. 438.
366 1283 839 1369 „ 31.  Venetiis in
888 1285 2852 1353 12794 (8469) Abbatem fratesque monasterii in Valle S. Iohannis Seizensis ad virtutem
587 1351 828 1411 Rivo alto
936 1342 2847 1415 hortatur. Nunciat, se eos Otokaro, marchioni Styrensi, commendasse. Pez Thes.
936 1395 2847 1472 anecd. VI. I. 400, Pusch et Froenlich Dipl. St. II. 61, Zahn Urk. v. Steiermark I.
936 1457 1955 1523 554, Migne 200 p. 1100. — „Cum divina“.
331 1501 550 1629 Apr. 4.
680 1506 737 1583 „
890 1501 2847 1583 12795 Monasterium S. Mariae (Scotorum) Wiennense, petente Leupoldo duce Austriae.
936 1570 2847 1631 tuendum suscipit, imposito monachis unius aurei censu annuo. Font. Rer. Austriac.
936 1623 1871 1680 II. XVIII. 9. — „Religiosos viros tanto“.
366 1673 550 1771 „ 3.
576 1669 843 1740 Venetiis in
881 1676 2850 1735 sacra procurat „dominica, qua cantatur: Laetare Ierusalem“, et „rosam auream, quam
581 1733 839 1799 ecclesia b.
941 1735 2850 1802 detulerat, duci Venetico confert“. Bosonis card. vita Alex. p. 438. Hist. ducum
629 1790 784 1846 Marci
943 1786 1363 1852 Venet. I. I. p. 84.
362 1830 554 1921 „ 5.
570 1835 846 1910 Venetiis in
885 1830 2847 1903 12796 (8470) Ecclesiam Parentinam tuendam suscipit et bona eius confirmat, petente
587 1890 828 1967 Rivo alto
938 1894 2847 1958 Petro episcopo. (Pro „Dat. p. m. Bardi S. R. E. iud. et notarii“ legendum esse puto
943 1945 2847 2025 „Dat. p. m. Gerardi S. R. E. subdiac. et not“.) Ughelli It. sacr. V. 404, Migne 200
936 1998 1648 2064 p. 1101. — „Quoties illud a“.
360 2047 547 2137 „ 5.
667 2053 764 2128 „
890 2053 2852 2122 12797 (8471) Monasterii Ebracensis protectionem suscipit, ac possessiones et privilegia
941 2113 2852 2181 confirmat, petente Conrado abbate. Pflugk-Harttung Acta I. 261, (Lang Regesta I.
941 2164 2691 2239 295, cf. Brevem not. mon. Ebrac. p. 68). — „Religiosam vitam eligentibus“.
362 2214 550 2307 „ 6.
669 2243 766 2305 „
890 2223 2852 2290 12798 (8472) Monasterii S. Salvatoris Milstatensis protectionem suscipit, bonaque et
941 2274 2847 2345 privilegia confirmat, petente Henrico abbate. Arch. f. K. österr. Gesch.-Quellen XI. 14.
941 2336 2136 2393 — „Religiosam vitam degentibus (an eligentibus ?)“.
364 2385 547 2466 „ 6.
671 2382 764 2460 „
890 2389 2854 2449 12799 Monasterii S. Pauli in Carinthia protectionem suscipit, possessionesque et privi-
941 2446 2852 2508 legia confirmat, petente Piligrimo abbate. Archiv f. K. österr. Gesch.-Quellen XI. 313,
941 2495 2578 2566 Fontes Rer. Austriac. II. XxxIx. 89. — „Religiosam vitam eligentibus“.
366 2546 545 2643 „ 7.
682 2550 757 2625 „
892 2552 2852 2614 12800 (8473) Monasterium S. Viti tuendum suscipit et eius possessiones ac privilegia
941 2603 2456 2678 confirmat. Mon. Boic. V. 239. — „Religiosam vitam eligentibus“.
371 2656 543 2742 „ 9.
885 2661 2850 2727 ecclesiam S. Mariae de Caritate consecrat. Vide Hist. ducum Ven. in MG. SS. XIV. 84.
368 2718 545 2786 „ 9.
607 2643 821 2780 ver.
888 2720 2852 2791 proficiscitur, cum; ibi „per decem septem dies“ substitisset. Hist. ducum Venet. I. I.
936 2769 1098 2833 p. 84.
373 2826 545 2897 „ 9.
587 2817 828 2890 Lauretum
890 2824 2269 2884 navi venit. Romoaldi Salern. Annal. in MG. SS. XIX. 444.
371 2875 558 2950 „ 9.
576 2877 839 2952 per Padum
888 2879 2381 2943 Romoaldi Salern. Annal. p. 444, Bosonis card. vita Alex. p. 438.
371 2932 550 3007 „ 10.
589 2939 837 2998 Ferrariam
885 2928 2410 3001 accedit „in dominica passionis“. Romoaldi Salern. Annal. p. 444.
371 2994 545 3065 „ 11.
598 2996 832 3058 Ferrariae
890 2985 2092 3051 „in sequenti die“. Bosonis card. vita Alex. p. 438.
368 3047 547 3153 „ 17.
662 3047 766 3175 („)
892 3034 2854 3104 12801 Monasterii S. Laudi protectionem suscipit possessionesque confirmat. (Pro
945 3087 2852 3171 „MCLXXXII“ lege „MCLXXVII“). Vidim. s. XV. et Copia a. 1608 in Arch. dép.
943 3155 2079 3213 de la Manche in St.-L0. — „Cura nos ammonet“.
368 3175 554 3286 „ 19.
680 3197 771 3336 „
892 3206 2852 3272 12802 Canonicis S. Laudi de Burgo-Achardi tres ecclesias de Tobvilla, a R(otroco),
941 3263 2852 3323 archiepiscopo Rothomagensi concessas, et molendinum quoddam asserit. Chartul.
943 3308 2847 3380 S. Laudi, ms. lat. 9212 s. XVIII. f. 7, Coll. Moreau 69. f. 225 in bibl. nat. Paris. —
943 3363 1599 3431 „Iustis petentium desideriis“.
375 3405 558 3539 „ 20.
671 3407 762 3539 „
897 3414 2852 3551 12sos Peclesiae S. Nariae ad Nontem et Oivate cr privileeium dat. Pdagt diarmtans
945 3482 1241 3586 Iter p. 284-
1124 174 2043 269 ALEXANDER III. 1159—1181.
