3007 3975
718 318 2121 404 1177. (Ind. 10. — 25. Sept. — 11, pont. a. 18. — 20. Sept. — 19.)
455 373 691 474 Ferrariae
748 388 2721 468 12804 Suzoni preshytero, ecclesiae Mediolanensis canonico, asserit ecclesiam S. Mariae
201 382 410 479 Apr. 20.
799 457 2721 518 ad Montem de Velate, a Galdino quondam archiepiscopo Mediolanensi ei concessam.
799 507 2262 571 Pflugk-Harttung Acta III. 254. — „Iustis petentium desideriis“.
751 563 2719 636 12805 Hospitalis S. Crucis (in insula Brixinensi) tutelam suscipit possessionesque et
243 554 413 638 „ 22.
530 556 629 640 „
802 616 2721 684 iura confirmat, petente Conrado priore. Ex autogr. arch. cap. Brix. misit HI. Grisar
799 675 1716 746 S. J. — „Effectum iusta postulantibus“.
751 724 2719 801 12806 Sententiam inter canonicos et capellanos Vicentinos a (Conone) electo episcopo
236 717 413 803 „ 23.
534 724 631 792 „
804 790 2721 850 Concordiensi super procuratione legatorum sedis apostolicae latam approbat. Pflugk-
802 843 2068 901 Harttung Acta III. 255. — „Intelleximus ex quodam“.
751 898 2721 969 pascha celebrat. Romoaldi Salern. Annal. p. 446, Annal. Pegav. 1177 in MG. SS.
236 883 413 967 „ 24.
539 881 627 973 „
808 954 1060 1013 XVI. 261.
755 1000 2719 1075 12807 Monasterii Telensis protectionem suscipit, possessionesque ac privilegia confirmat,
236 989 413 1075 „ 25.
534 998 627 1084 „
806 1053 2719 1128 petente lohanne abbate. Gall. Chr. XV. Instr. 153, Mém. et doc. de la Suisse Rom. XII.,
802 1115 2324 1174 cartulaire de Montheron p. 35. — „Religiosam vitam eligentibus“.
757 1170 2715 1238 12808 Ecclesiae S. Pauli Vesontionensis tutelam suscipit, bonaque et iura confirmat,
238 1152 413 1241 „ 25.
532 1163 629 1296 „
804 1219 2717 1291 petente Ieremia priore. In bibl. nat. Paris. Coll. Moreau t. 868. f. 779 et t. 973
802 1274 2719 1351 f. 81: „7. kal. Maii“, (Neues Archiv VII. 103: „S. kal. Maii“.) — „Et divinis
799 1333 1073 1402 praeceptis“.
755 1380 2719 1453 12809 Monasterii Roseriensis patrocinium suscipit, possessionesque et privilegia con-
234 1375 413 1459 „ 25.
539 1380 620 1466 „
802 1448 2717 1510 firmat, petente Bernardo abbate. Cartul. de Rosières, Coll. Moreau 871. f. 366“ in
804 1506 1981 1561 bibl. nat. Paris. — „Religiosam vitam eligentibus“.
755 1550 2719 1620 12810 *Monasterii Locicrescentis tutelam suscipit et privilegia auget. Cartul. de Lieu-
238 1548 408 1627 „ 25.
530 1492 634 1623 („)
799 1603 2050 1671 croissant, Coll. Moreau 874 f. 215“ in bibl. nat Paris.
751 1667 2543 1726 12811 *Fratribus Windbergensibus privilegium tribuit. Pertz Archiv X. 576.
234 1656 408 1731 „ 27.
545 1680 627 1742 „
751 1724 2717 1784 12812 (8474) Monasterii S. Benigni Divionensis protectionem suscipit possessionesque ac
229 1718 406 1788 „ 27.
528 1711 638 1846 „
799 1775 2717 1841 privilegia, petente Iohanne abbate, confirmat. Pérard Recueil p. 248, Migne 200
799 1837 1539 1890 p. 1102. — „Quotiens illud a“.
748 1874 2717 1952 12813 (8475) Ordinis Praemonstratensis protectionem suscipit, iuraque confirmat, bulla
234 1868 408 1972 „ 27.
532 1879 636 2011 „
799 1945 2717 2016 ad Hugonem abbatem. Le Paige Bibl. Praem. p. 632, Migne 200 p. 1105. — „In
797 2002 1219 2062 apostolicae sedis“.
748 2036 2715 2117 12814 (8476) Monasterium Attilense tuendum suscipit eiusque possessiones et iura con-
234 2033 404 2131 „ 28.
530 2029 634 2137 „
795 2102 2713 2173 firmat, petente Egilolfo abbate. Meichelbeck H. Fr. II. II. 15, Mon. Boic. I. 269.
802 2164 1321 2228 — „Quotiens illud a“.
751 2210 2715 2279 12815 (8477) Monasterium Biburgense tuendum suscipit, et eius possessiones ac privi-
231 2199 406 2283 „ 28.
528 2203 629 2276 „
797 2272 2713 2338 legia, petente Henrico abbate, confirmat. Hund. II. 206. — „Religiosam vitam eli-
797 2329 1040 2396 gentibus“.
746 2367 2717 2440 12816 Alberico, episcopo Laudensi, petente confirmat 1) compositionem inter eum
234 2358 404 2453 „ 28.
523 2382 629 2497 „
797 2438 2715 2499 et Nicolaum praepositum S. Nazarii Mediolanensem a G(ualda) episcopo Bergomensi
797 2493 2715 2548 et Transmundo abbate Clarevallensi factam, 2) sententiam inter ipsum et abbatem
802 2548 2713 2612 Fructuariensem a magistro Iohanne Bono, ecclesiae Romanae subdiacono, latam,
797 2603 2713 2665 3) concordiam eius cum Ogerio, abbate Percipianensi, a M(ilone), episcopo Taurinensi,
797 2654 2710 2722 et archipresbytero quodam Mediolanensi, restitutam. Cappelletti Chiese d'It. XII. 350,
802 2700 2114 2778 Vignati Cod. dipl. Laud. II. 91. — „Ea quae concordia“.
751 2762 2713 2831 12817 Inter (Galterum) episcopum Lingonensem ac ducem Burgundiae, nepotem eius,
231 2742 408 2828 „ 29.
523 2756 631 2833 „
802 2815 2715 2881 et ecclesiam S. Stephani Divionensem compositionem, a P(etro) presbytero cardinali
797 2870 2710 2937 tit. S. Chrysogoni, ap. sed. legato, super capella Divioni construenda factam approbat.
802 2926 2708 2987 Fyot Hist. de St. Etienne de Difon, Pr. p. 150: „Dat. Ferentini, 3. kal. Maii“, rec-
797 2983 2706 3045 tius. ut videtur, legitur in bibl. nat. Paris. ms. lat. 17196 f. 92: „Ferrariae, 3. kal.
802 3032 2710 3107 Maii“ et 17082. II. f. 71: „Ferrariae, 3. kal. Mart.“ (pone: „Maii“.) — „Relatum est
797 3093 1011 3157 auribus“.
748 3133 2710 3213 12818 (8478) Ecclesiae S. Felicis Owensis tutelam suscipit et bona ac iura confirmat,
231 3129 406 3219 „ 29.
523 3142 625 3255 „
795 3197 2487 3268 petente Lutherio praeposito. Mon. Boic. I. 221. — „Quoniam sine vere“.
751 3257 2708 3319 12819 (8479) Monasterio Praemonstratensi, rogatu Hugonis abbatis, ecclesiam S. Petri
236 3244 410 3339 „ 29.
519 3244 634 3319 „
797 3305 2708 3372 de Dorene asserit. Le Paige Bibl. Praem. p. 629, Hugo O. P. A. I. 21. — „Etsi
797 3369 1239 3431 universorum votis“.
751 3400 2702 3489 12820 Rainerio, abbati S. Benedicti super Padum, privilegium dat. (Ex bibl. Lucensi.
234 3380 408 3489 „ 30.
539 3400 609 3489 „
802 3469 2335 3581 Bulla eadem esse ae 12830 videtur.) Pflagk-Harttung Iter p. 281.
229 3511 784 3617 Raereta wont. Romun. Sd. ece II.
2366 3515 2434 3632 3„
983 161 1915 258 ALEXANDER III. 1159—1181.
2598 170 2728 258 305
