3007 3975
278 225 402 322 306
824 366 2224 463 1177. (Ind. 10. — 25. Sept. — 11, pont. a. 18. — 20. Sept. — 19.)
556 404 793 536 Ferrariae
857 452 2819 516 12821 (8480) Petro, tit. S. Chrysogoni presbytero cardinali, apostolicae sedis legato,
293 404 519 530 Apr. 30.
903 510 2816 569 significanti, „publice per totum regnum Franciae praedicari, se cum Frederico impe-
908 567 2816 627 ratore pacem fecisse, et Ludovicum Francorum regem in admirationem non modicam
908 613 2816 675 esse inductum, quia nullam per ipsum certitudinem inde habuerit“, respondet, „mi-
910 677 2816 737 rari se, quomodo ille vir potens (Fredericus) huiusmodi sparserit rumores per orbem,
910 730 2816 792 per litteras suas denotando, ipsum ad vocationem eius ivisse et pacem firmasse, cum,
910 786 2819 845 etsi capitula hinc inde producta fuerint, et spes habeatur, quod pax debeat reformari,
908 836 2819 896 nullam tamen certitudinem perficiendae pacis habeat“. Mandat, hortetur Francorum
905 892 2821 949 regem, ut factas cum Henrico, Anglorum rege, pactiones observet. „Quodsi forte
910 942 2821 1011 non potuerit ad hoc induci, regem Angliae moneat, ut filiam Francorum regi resti-
908 993 2819 1064 tuat, vel a filio faciat desponsari; si autem infra 40 dies neutrum horum impleverit,
908 1055 2821 1117 in regnum et in terram eius interdicti sententiam proferat, et (Richardo) Cantua-
908 1104 2823 1170 riensi et (Willelmo) Burdigalensi archiepiscopis et (Iohanni) episcopo Pictaviensi
910 1168 2825 1225 praecipiat, ut eandem sententiam observent“. Duchesne H. Fr. SS. IV. 563, Bouquet
910 1225 2805 1278 Rec. XV. 955, Mansi XXI. 966, Migne 200 p. 1108. — „Quod significasti nobis“.
296 1210 512 1347 Apr-Ma
861 1272 2825 1336 12822 Canonicis Vicentinis scribit, sese fratres H(esoardum) et T(heobaldum, cf. supra
656 1260 722 1406 „
910 1327 2823 1391 ep. 12674) excommunicatos eo tenore absolvisse, ut coram consulibus civitatis aut
910 1382 2823 1448 iudice communiter electo super feudo litigioso iusticiam darent. Iudicem deinde cau-
912 1437 2823 1501 sam cognovisse vasallosque ab omni impetitione liberasse. Canonicos vituperat, quod,
912 1497 2823 1554 neglecta sententia, eos excommunicatos denuntiaverint mandatque, ut eos absolvant
912 1550 2823 1607 et omni eorum molestatione desistant. Quod nisi fecerint, eos ab episcopo punitum iri
912 1598 2823 1667 minatur. („Dat. Ferrariae X. kal. Xbris“, quod mendum sine dubio continet.) Ex
914 1658 2823 1718 Mus. Brit. Ms. Addit. 8602 saec. XVII. misit Ed. Bishop. (Exstabit ap. Loewen-
908 1707 1851 1771 feld Epistolae II.) — „Pervenit ad nos“.
863 1764 2825 1830 12823 (8481) Ecclesiam Veronensem tuendam suscipit canonicorumque bona confirmat,
304 1753 523 1841 Mai. 1.
647 1751 737 1912 „
916 1821 2825 1890 petente Riprando archipresbytero. Biancolini Not. st. di Ver. II. 539, Ughelli It.
910 1870 2823 1936 sacr. V. 1014, Migne 200 p. 1110, (Gloria Cod. dipl. Pad. II. 348.) — „Officii nostri“.
861 1927 2825 1996 12824 (8482) Ecclesiae Lantenensis tutelam suscipit, bonaque et iura confirmat, petente
340 1923 521 2009 „ 4.
651 1903 737 2011 „
916 1980 2825 2053 Petro priore. Schoepflin Als. dipl. I. 262, Trouillat Mon. de Bale I. 360. — „In
912 2047 1288 2100 eo loco sumus“.
863 2082 2828 2168 12825 *Ecclesiae S. Marii Lausannensis possessiones confirmat. Mém. et doc. de la
346 2069 521 2173 „ 4.
649 2080 742 2175 „
908 2153 1462 2212 Suisse Rom. XIX. 153.
861 2197 2828 2265 12826 (8483) Probat legem hanc, ne duodecim ecclesiae S. Michaelis Nonantulanae canonico-
344 2192 521 2276 „ 5.
653 2208 744 2287 „
914 2261 2821 2320 rum numerus augeatur. Tiraboschi St. di Non. II. 302, Migne 200 p. 1111. — „In his, que“.
861 2305 2823 2376 12827 (8484) Canonicorum ecclesiae Bononiensis privilegia quaedam confirmat, petente
342 2318 519 2398 „ 6.
642 2263 744 2404 „
916 2360 2821 2435 Alberto archipresbytero. Savioli Ann. Bol. II. II. 69, Migne 200 p. 1112. — „Con-
914 2426 1458 2493 siderantes devotionem“.
866 2477 2825 2544 12828 Monasterii S. Benedicti super Padum tutelam suscipit, possessionesque et privi-
340 2477 525 2559 „ 6.
653 2482 744 2550 „
916 2532 2821 2594 legia confirmat, petente Rainerio abbate. In schedis Jafféi: Ex tabul. reg. Medio-
919 2577 2821 2658 lanensi; Wiener Sitzungsber. XCIV. 674, (Uterque: Mai 6; Pflugk-Harttung Iter p. 47,
916 2641 2386 2707 perperam ut videtur: Mai 7.) — „Commissae nobis apostolicae“.
866 2685 2825 2756 12829 Rainerio, abbati S. Benedicti super Padum, hospitale Omnium sanctorum in Man-
351 2676 528 2778 „ 6.
653 2696 737 2769 „
916 2751 2825 2815 tuano territorio situm asserit. In sched. Jafféi: Ex. tabul. reg. Mediolanensi; Wiener
916 2797 2262 2866 Sitzungsber. XCIV. 674. — „In apostolicae sedis specula“.
870 2857 2830 2921 12830 Rainerio, abbati S. Benedicti super Padum, eiusque successoribus monasterium
340 2806 530 2943 „ 6.
651 2857 740 2934 „
919 2915 2830 2976 S. Pontiani prope Lucensem civitatem comittit ea lege, ut tres bizantios annuatim
919 2970 2828 3040 Lateranensi palatio persolvant. De eligendo inibi abbate statuit. Pflugk-Harttung
921 3021 2048 3082 Acta III. 255. — „Susceptae officium dignitatis“.
870 3071 2828 3140 12831 (8485) Monasterii S. Mariae Vangadiciensis possessiones et privilegia confirmat,
346 3060 528 3164 „ 7.
660 3080 744 3171 „
923 3131 2825 3202 petente Isaac abbate. Mittarelli Ann. Cam. IV. app. p. 69, Biancolini Not. st. di
923 3191 2260 3246 Ver. III. 279, Migne 200 p. 1112. — „Apostolicae sedis“.
866 3239 2412 3301 altare consecrat. Vide titulum ap. Frizzi Mem. di Ferrara II. 194.
360 3241 528 3314 „ 8.
665 3239 751 3319 „
870 3283 2828 3356 12832 Fratres Calesienses monet, ne ordinem receptum immutent, „unde scandalum
649 3297 757 3376 „
344 3297 528 3367 „ 8.
923 3347 2825 3422 possit vel discordia fratribus Cartusiensibus suboriri“. Pilot Cartul. de Chalais p. 47.
927 3411 1548 3475 — „Volentibus per opera“.
872 3449 2830 3520 12833 Canonicis Vercellensibus scribit, „ne quis canonicorum vel clericorum de bonis
342 3429 534 3566 „ 8
649 3453 753 3604 „
923 3513 2825 3612 ecclesiae s rapere audeat“. Pflugk-Harttung Acta III. 256. — „Congruam officil“.
1082 214 2010 304 ALEXANDER III. 1159—1181.
