3007 3975
735 318 2129 406 1177. (Ind. 10. — 25. Sept. — 11, pont. a. 18. — 20. S-pt. — 19.)
766 397 2733 470 12834 (8486) Legem a Guidone praeposito et capitulo Mutinensi statutam de numero
216 388 433 479 Mai. 9.
468 371 704 477 Ferrariae
817 457 2730 525 quatuordecim eiusdem ecclesiae canonicorum neque augendo nec minuendo, sancit.
817 512 2573 574 Tiraboschi Mem. Mod. III. 69, Migne 200 p. 1114. — „Fervens et sincera“.
764 563 2733 633 movet „VII. id. Maii“, Bosonis card. vit. Alex. ap. Watterich II. 439. „Nono die in-
251 569 428 642 „ 9.
481 571 702 638 Ferraria
817 627 2390 689 trante mensis Maii“, Romoaldi Salern. Annal. in MG. SS. XIX. 446.
766 673 2229 750 „eo die per Padum descendit“. Romoaldi Salern. Ann. p. 446.
254 682 426 748 „ 9.
470 671 711 746 Lauretum
760 739 2123 830 ad litus „altera die“ exit. Romoaldi Salern. Ann. p. 446.
249 737 726 845 „ 10. lad S. Nico.
517 806 660 912 laum
766 834 2735 923 112835 (ccccxvr) „Omnibus vere poenitentibus et confessis et contritis, qui die ascen-
251 843 426 973 „ 10.
817 912 2737 980 sionis domini, S. Marci ecclesiam (Venetam) devote visitaverint annuatim, et manus
819 969 2735 1033 ad eius conservationem porrexint adiutrices, plenam omnium peccatorum absolutionem
821 1022 2737 1095 concedit“. („Dat. Venetiis ap. S. Marcum“.) Verci St. di marca Tr. I. docum p. 24,
821 1084 2132 1139 Mutinelli Ann. urb. di Ven. p. 54. — „Licet ad omnes“.
256 1101 433 1201 „ 11.
768 1128 1805 1205 „tertia die“. Romoaldi Salern. Ann. p. 446.
486 1117 700 1207 Venetiis
771 1194 2739 1269 12836 *Compositionem inter monachos S. Bertini Sithienses eorumque ministeriales fac-
254 1203 729 1296 „ 13. Venetiis in
817 1256 2618 1322 tam confirmat. Vide lohannis Longi chron. S. Bertini in MG. SS. XXV. 813.
472 1263 711 1340 Rivo alto
251 1274 430 1404 „ 14.
773 1309 2739 1382 12837 (8487) Balderami praepositi et canonicorum S. Mariae Magdeburgensium erga
563 1342 636 1408 „
821 1380 2739 1444 Romanam ecclesiam studium laudat et confirmat. Hugo O. P. A. II. Pr. p. 122,
819 1426 2739 1497 Ludewig Rel. II. 401, Leuckfeld Ant. Praem. p. 94, Migne 200 p. 1115. — „Com-
821 1492 1173 1552 mendamus et“.
254 1486 435 1625 „ 18.
773 1534 2739 1607 12838 Fratribus de Claromaresco asserit concessum a Philippo, comite Flandriae, pri-
554 1545 651 1625 „
826 1598 2739 1654 vilegium, „ne in eius comitatu per terram vel per aquas passagium seu vectigal ali-
821 1645 2739 1715 quatenus persolvant“. Roisin Franchises, coutumes etc. de Lille p. 227. — „Signi-
817 1704 1146 1766 ficavit nobis“.
258 1713 437 1826 „ 16.
775 1753 2744 1817 12839 Praeposito et archidiacono Senensi mandat, compellant M. conversum monasterii
558 1782 649 1843 „
824 1808 2741 1877 S. Michaelis de Monte S. Donati, ut abbati Passinianensi pecuniam, pro monasterio
821 1870 2744 1930 eius ab imperatore Constantinopolitano acquisitam, exsolvat et usurpatam S. Michaelis
824 1916 2739 1985 administrationem deponat. Wiener Sitzungsber. XCIV. 674. — „Significavit nobis“.
777 1980 2744 2036 12840 Fratribus Fiscannensibus asserit abbatiam S. Bertae de Ternesio, auctoritate
262 1936 435 2049 „ 17.
558 1996 656 2069 „
826 2031 2744 2106 episcopi Morinensis et assensu comitis de S. Paulo eis concessam. Pflugk-Harttung
826 2091 1601 2153 Acta I. 262. — „Religiosa loca“.
258 2100 441 2212 „ 17.
775 2137 2746 2203 12841 Fratribus Fiscannensibus donatam ab Hug(one) archiepiscopo Rotomagensi ec-
558 2161 658 2226 „
828 2203 2746 2276 clesiam et decimam de Bolevilla confirmat. In bibl. nat. Paris. Coll. Moreau t. 341.
826 2250 1506 2332 f. 69. — „Honestum est et“.
260 2274 444 2387 „ 18.
777 2316 2746 2385 12842 Eleemosynariae domus ecclesiae omnium SS. Patavinae eiusque possessionum
558 2261 656 2391 „
828 2367 2746 2440 protectionem suscipit. Dondi Dissertazioni VI. docum p. 97, Gloria Cod. dipl. Pad.
828 2429 1820 2486 II. 351. — „Apostolicae sedis auctoritate“.
265 2460 444 2550 „ 19.
786 2486 2748 2544 12843 „Clericis Senensibus confirmat privilegium, a Rainerio archiepiscopo eis datum:
563 2486 662 2555 „
832 2541 2750 2599 ut nemini teneantur nisi ipsi archiepiscopo propter iuramentum, quod in susceptione
832 2590 2748 2658 presbyteratus eidem praestare debeant, et ut nemini liceat nisi eidem unumquemque
835 2654 2750 2711 eorum suspendere vel excommunicare“. Wiener Sitzungsber. XCIV. 674. — „Intel-
830 2707 1292 2769 leximus ex tenore“.
267 2703 444 2817 „ 20.
786 2758 2750 2822 12844 P(etro) abbati et fratribus Gorziensibus asserit capellam de castro Asperi-montis,
563 2773 673 2835 „
835 2813 2748 2875 a Richardo, quondam episcopo Virdunensi, assensu Goberti, domini castri, concessam.
835 2866 2750 2930 In bibl. nat. Paris. Cartul. du Val-sous-Apremont, ms. lat. 17752 s. XV. f. 23, (Neues
835 2919 1999 2983 Archiv VII. 103.) — „Iustis petentium desideriis“.
273 2941 448 3051 „ 20.
788 2976 2755 3040 12845 Monasterii ad Gratias S. Mariae Brixiensis tutelam suscipit bonaque et privilegia
572 2974 669 3049 „
837 3032 2752 3093 confirmat, petente Conrado praeposito. Marian Gesch. d. österr. Clerisey IV. Anhang
839 3091 2554 3149 p. 186, Fontes Rer. Austriac. XXXIV. 45. — „Piae postulatio voluntatis“.
273 3127 452 3215 „ 23.
790 3135 2752 3208 12846 (8488) Monachis S. Germani Parisiensibus hoc concedit, „ut, si Senonensis archi-
558 3144 667 3297 „
839 3202 2752 3266 episcopus ab ecclesiis eorum, in quibus debet procurationem recipere, procurationem
843 3255 2755 3325 pro pluribus quam pro quadraginta equitaturis ad plus et pro quadraginta quatuor
848 3314 2755 3378 hominibus exegerit, ad eam solvendam vel ad exhibendum quicquam procurationis
848 3367 2755 3427 obtentu eaedem ecclesiae non possint compelli“. Bouillart Hist. de St. Germain des
848 3418 2755 3562 Lan.-k P 4s. Ponanet Hes XP. Sos. Nurae soo p. 1115. — -Suauto ueni
837 3471 1036 3570 festius“.
2388 3515 2481 3623 39*
994 163 1924 262 ALEXANDER III. 1159—1181.
2602 174 2730 262 307
