3007 3975
280 212 406 306 308
828 355 2220 443 1177. (Ind. 10. — 25. Sept. — 11, pont. a. 18. — 20. Sept. — 19.)
307 435 2814 512 Mai. 26. Venetiis in 12847 (8489) Welfoni duci significat, se ecclesiae (Steingadensis), ab episcopo Frisingensi
558 496 795 571 Rivo alto
905 503 2819 558 consecratae, defensionem contra episcopum Augustensem suscepisse. Mon. Boic. VI.
910 556 2819 616 490, Hund III. 354, Migne 200 p. 1116, cf. Forsch. f. d. Gesch. XXII. 670 et infra
905 611 1685 675 ep. 12867 — „Cum sciamus, te“.
857 653 2821 728 12848 Monasterium S. Salvii Florentinum confirmat. Soldani Hist. mon. de Passiniano
335 622 517 742 „ 27.
645 662 729 757 „
905 719 1604 786 p. 270. — „Iustis petentium“.
855 772 2819 832 12849 (8490) Ecclesiam S. Mariae de Charitate Venetam, a sese dedicatam „qui in
340 761 517 850 „ 29.
638 779 735 865 „
905 821 2821 885 anniversario dedicationis vel tribus diebus ante vel post visitaverint“, iis „de poenitentia
905 883 2821 942 sibi iniuncta viginti dies indulget“. Muratori Ant. It. V. 763, Migne 200 p. 1116:
910 940 2821 1004 „IV. kal. Iunii“, Cornelii Eccl. Ven. V. 161 et Pennotti Ord. cleric. canon. hist. ed.
905 982 2160 1060 Colon. p. 605: IV. kal. Iulii. — „Cum pro commodo“.
857 1035 2821 1126 12850 Filiis infirmis ecclesiae Lingonensis privilegium concedit. Neues Archiv VII. 103.
331 1015 512 1137 „ 29.
640 1011 731 1137 „
905 1095 1354 1163 — „Ex susceptae“.
855 1135 2819 1219 12851 (8542) *Inter Symonem, monasterii S. Bertini Sithiensis abbatem, et abbatissam
331 1139 514 1230 „ 29.
638 1159 733 1258 „
905 1201 2819 1269 Burburgensem, de decima novae paludis litigantes, iudices quosdam constituit. Vid.
908 1258 2202 1329 Iohannis Longi chron. S. Bertini in MG. SS. XXV. 813.
855 1313 2819 1382 12852 Bozoto advocato, qui bona sua in loco Epeia (Lepeia) sita b. Petro obtulerat,
333 1309 514 1382 „ 30.
629 1238 733 1426 „
905 1371 2819 1435 indulget, ut ecclesiam ibi aedificet. Libertate eam donat, imposito clericis duodecim
908 1424 2821 1490 denariorum Mediolanensium tributo annuo, Lateranensi palatio persolvendo. Biancolini
905 1472 2163 1550 Not. stor. di Ver. V. II. 133. — „Presentibus litteris.“
857 1534 2819 1603 12853 (8491) Capituli Mutinensis legem, ne canonicis extra morantibus, nisi forte in
335 1514 512 1609 „ 30.
638 1532 733 1649 „
905 1592 2816 1658 scholis fuerint, beneficia conferantur, sancit. Tiraboschi Mem. Mod. III. 70, Migne 200
903 1643 1562 1713 p. 1117. — „Cum velimus“.
857 1700 2819 1764 12854 (8492) Intra paroecias Mutinenses iniussu episcopi et capituli Mutinensis construi
335 1691 514 1786 „ 30.
640 1693 735 1777 „
903 1760 2819 1817 ecclesias vetat. Tiraboschi Mem. Mod. III. 70, Migne 200 p. 1118. — „Viris eccle-
905 1806 1126 1870 siasticis“.
855 1848 2819 1925 12855 (8493) Sententiam ab Equilino et Torcellano episcopis latam, ut monachi S. Ni-
333 1850 514 1925 „ 31.
636 1852 735 2005 „
905 1919 2821 1983 colai Vitalem, episcopum Castellanum (Venetum), die ascensionis domini recipiant „ad
905 1978 2816 2047 processionem et ad refectionem praestandam“, confirmat. Ughelli It. sacr. V. 1245,
908 2027 1911 2100 Migne 200 p. 1118. — „Ea, quae iudicio“.
855 2080 2821 2146 12856 (Iulio) episcopo et praeposito Florentino mandat, ut parthenonem S. Petri de
338 2062 514 2164 „ 31.
640 2071 733 2166 „
905 2144 2819 2206 Luco „in decimis, sepulturis et aliis“, quae ei concessa sunt, foveant. Pflugk-Harttung
905 2195 1877 2263 Acta III. 257. — „Attendentes quomodo“.
855 2243 2819 2312 12857 (9149) (Adelberto) archiepiscopo Salzburgensi mandat, ut H. et C. et eorum
304 2234 415 2345 („)
627 2177 737 2354 („)
905 2307 2821 2365 filios cogat ad restituendum monasterio S. Quirini (Tegernseensi) praedium, in loco
908 2354 2814 2420 Salinarum positum. (Fechnero in Arch. f. Kunde österr. Gesch. XXI. 328 annus 1177
910 2411 2816 2475 et mensis Maius probabilis videtur; Meiller Reg. arch. Salisb. p. 119 hanc epistolam
905 2471 2819 2530 anno 1169 ascribit, sed qua ratione fecerit, non apparet.) Pez Thes. anecd. VI. I. 396.
908 2526 1356 2592 — „Ex questione“.
857 2574 2821 2638 12858 (Theobaldo) Ambianensi et (Frumoldo) Atrebatensi episcopis mandat, curent, ne
296 2504 517 2654 tmn. 1.
618 2510 726 2645 „
905 2634 2816 2691 abbas Compendiensis fratribus Ursicampi novas exactiones imponat super domo, quam
910 2685 2816 2747 decanus Belvacensis sub quinque solidorum censu annuo, monasterio Compendiensi
910 2747 2819 2809 solvendo, eis tradiderit. (Perperam Alexandro IV. tribuitur.) Peigné-Delacourt Cart.
910 2797 1990 2853 d'Ourscamp p. 312. — „Conquestione abbatis“.
855 2846 2816 2915 12859 (8494) Abbati et fratribus S. Audoeni (Rotomagensibus) asserit „ius et digni-
329 2839 517 2921 „ 1.
642 2846 733 2926 „
908 2901 2819 2963 tatem, quam in ecclesia S. Leufredi de Cruce habeant“. Pommeraye Hist. de l'abbaye
910 2963 2578 3018 de St. Quen p. 447, Migne 200 p. 1119. — „Iustis petentium desideriis“.
861 3018 2814 3080 12860 Monasterio S. Augustini Cantuariensi praebendam ecclesiae S. Martini Dovrensis,
329 2983 510 3085 „ 3.
647 3003 729 3135 „
910 3071 2814 3131 ecclesiam Leauhamensem, ecclesiam Fortwicensem asserit, petente Rogerio electo abbate.
908 3124 2419 3191 Hist. mon. S. Aug. Cant. p. 419. — „Iustis petentium desideriis“.
861 3175 2814 3248 12861 Henrico, abbati Fiscannensi, eiusque successoribus usum mitrae, anuli sanda-
331 3166 517 3266 „ 3.
638 3171 731 3259 „
910 3233 2812 3297 liorumque concedit. (Pro „VI. non. Iun.“ legendum arbitror „III. non. Iun.“). Pflugk-
910 3292 2096 3345 Harttung Acta I. 263. — „Cum monasterium tibi“.
861 3330 2812 3409 12862 Peregrino, abbati S. Pauli in Carinthia, et eius successoribus usum mitrae concedit.
326 3297 519 3559 „
627 3345 742 3524 „
910 3394 2810 3462 Monasterii privilegia quaedam confirmat. Fragm. ap. Neugart Hist. mon. S. PauliII. 16;
910 3449 2801 3524 Regest. ap. Ankershofen Urkundenreg. in Archiv f. K. österr. Gesch.-Qu. XI. 313
908 3504 2277 3599 PFomtes Rer. Austriac. II. XXXIX. 90. — „Quanto puriorem“.
1089 205 2012 298 ALEXANDER III. 1159—1181.
