3007 3975
715 326 2123 415 1177. (Ind. 10. — 25. Sept. — 11, pont. a. 18. — 20. Sept. — 19.)
203 386 704 483 Iun. 4.  Venetiis in
748 408 2721 477 12863 Fratribus S. Petri Hasnoniensibus indulget, ne „de novalibus, quae propriis
448 463 689 554 Rivo alto
799 470 2717 532 manibus vel sumptibus colant, sive de nutrimentis animalium“ decimas solvant. In
799 523 2461 578 bibl. nat. Paris. Coll. Moreau t. 70 f. 254. — „Officio nostro congruit“.
229 563 404 669 „ 4.
536 569 620 658 „
753 578 2719 638 12864 O(berti) episcopi et canonicorum Dertonensium confirmat statutum, ut „ultra
802 629 2719 691 sedecim numerus canonicorum non extendatur“ utque, qui studio vacaverint litte-
799 686 2719 748 rarum, medietatem integrae portionis frumenti et siliginis habeant et nihil amplius
797 742 2297 799 exigant. Pflugk-Harttung Acta III. 257. — „Ex litteris vestris“.
227 775 408 872 „ 7.
536 777 616 867 „
753 799 2719 870 12865 Monasterii S. Benedicti Padilironensis bona confirmat. Wiener Sitzungsber.
795 839 1082 914 XCIV. 675.
227 905 408 978 „ 8.
528 923 620 978 „)
746 903 2719 967 12866 Parthenoni S. Pancratii Saltuclensis asserit decimas quasdam ad episcopatum
802 958 2717 1020 Veronensem pertinentes, ab O(mnibono) episcopo concessas. Pflugk-Harttung Acta III.
795 1015 2717 1077 258, (Wiener Sitzungsber. XCIV. 675, ubi regestum corrigendum est). — „Iustis
793 1071 1292 1135 petentium desideriis“.
229 1119 408 1201 „ 10.
530 1121 618 1199 „
748 1128 2715 1192 12867 (8495) Abbati et fratribus Steingadensibus scribit, se precibus Welfonis ducis,
793 1172 2717 1243 qui fideliter in devotione ecclesiae perstiterit, adductum, ecclesiam eorum „in episco-
795 1230 2713 1300 patu Augustensi“ (sic cod. Teg.; „in confinio Augustensis et Frisingensis episcopatuum“
797 1296 2717 1351 sic edd.;) sitam, tuendam suscepisse, ne episcopus Augustensis eam propter consecra-
797 1340 2715 1408 tionem, ab episcopo Frisingensi celebratam, offendat. Mon. Boic. VI. 491, Hund III. 355,
793 1400 2715 1461 Migne 200 p. 1119, ubi verba uncis inclusa interpolata esse, probat Volkmar in
795 1457 2715 1514 Forsch. f. d. Gesch. XXII. 671; melior videtur textus epistolae, cuius notitiam ex
793 1510 2713 1570 cod. lat. Monac. 19411, olim Tegernseensi 1411 p. 158, Wattenbach cum Jafféo
793 1563 2713 1629 communicaverat. Ceterum in edd. data legitur epistola: „IV. id. Iun.“, in cod.
795 1614 1937 1689 Tegerns.: „IX. kal. Iun.“. — „Significavit nobis“.
223 1669 406 1749 „ 13.
530 1669 616 1802 „
742 1669 2713 1737 12868 *Matriculariis ecclesiae S. Stephani Senonensis concessa a Willelmo quondam
790 1726 2509 1788 archiepiscopo privilegia confirmat. Quantin Cart. gén. de IVonne II. 286.
220 1782 402 1859 „ 14.
530 1790 614 1850 „
742 1779 2710 1850 12869 (8498) R(uperto) abbati Tegernseensi usum mitrae concedit. Mon. Boic. VI. 185,
790 1839 2410 1905 Oefele R. B. SS. II. 83, Migne 200 p. 1122. — „Religiosorum votis“.
223 1890 402 1980 „ 15.
525 1890 618 1994 „
742 1892 2713 1956 12870 (8499) Urbem Laudem-novam, possessionibus veteris oppidi instructam, confirmat.
795 1943 2710 2009 Ughelli It. sacr. IV. 672, Molossi Memorie de uomini illustri di Lodi I. 172, Vignati
788 2002 2246 2071 Cod. dipl. Laud. II. 92, Migne 200 p. 1122. — „Cum civitas“.
223 2047 402 2128 „ 15.
523 2053 616 2175 „
740 2051 2710 2120 12871 (8500) Compositionem inter ecclesiam Eboracensem et Lincolniensem de parochia
795 2111 2708 2184 Lindesey factam confirmat. Monast. Anglic. III. 132, nov. ed. VIII. 1178, Wilkins
786 2166 1767 2239 Conc. I. 437. — „Ea, quae compositione“.
220 2212 402 2292 „ 18.
525 2223 616 2287 „
742 2221 2710 2285 12872 Domus hospitalis SS. Nicolai et Bernardi Montis-Iovis protectionem suscipit et
793 2274 2708 2340 possessiones iuraque confirmat, petente Willelmo rectore. Hist. Patr. Mon. Chart. II.
793 2334 2708 2396 1056, Mém. et docum. de la Suisse Romande XXIX. 102. — „Effectum iusta postu-
786 2387 1018 2446 lantibus“.
223 2438 406 2513 „ 28.
532 2449 612 2506 „
740 2431 2708 2508 12873 (8501) Monasterium S. Mariae Noviportus tuendum suscipit et eius possessiones
790 2491 2708 2563 privilegiaque confirmat, petente Rustico abbate. Ughelli It. sacr. I. 331, Migne 200
788 2550 1592 2610 p. 1123. — „Quotiescunque illud“.
196 2548 307 2680 („
514 2544 620 2678 („)
740 2601 2706 2672 12874 (8497) A(delberto), archiepiscopo Salzburgensi, scribit, mirari se, quare suspicetur,
790 2663 2706 2725 se eius deiectionem spectare. Affirmat, se ei bene velle; sed addit, suum esse „non
790 2714 2704 2780 aures apostolicas iustitiam quaerentibus obdurare“. Itaque monet, ut „confidenter et
790 2771 2704 2839 secure omni dubitatione seposita in Longobardiam ad suam praesentiam accedat“.
788 2826 2476 2895 Pez Thes. anecd. VI. I. 395, Migne 200 p. 1121. — „Significavit nobis“.
223 2879 399 2950 „ 29.
514 2879 614 2961 „
740 2881 2704 2941 12875 Fratribus S. Amandi Elnonensibus concedit, ne quis de novalibus, quae propriis
788 2941 2706 2998 manibus vel sumptibus colant, sive de nutrimentis animalium decimas ab eis exigat.
786 2987 2702 3058 Chartul. S. Amandi in Pabula s. XIX., ms. lat. nouv. acqu. 1220 I. f. 135 in bibl.
786 3051 1694 3104 nat. Paris. — „Officio nostro congruit“.
216 3082 404 3166 „ 30.
519 3093 609 3173 „
737 3091 2704 3162 12876 Parthenonis Fontissominiae patrocinium suscipit, possessionesque et privilegia
784 3155 2704 3219 confirmat, petente Basilia abbatissa. Autogr. in tabul. nat. Paris. L. 231. n. 49.
784 3208 2702 3270 (Cop. s. XVIII. in bibl. nat. Paris. Coll. Moreau t. 81. f. 11.) — „Prudentibus virginibus“.
178 3224 399 3330 Iul. 1.
512 3252 618 3327 „
740 3261 2704 3325 12877 *Canonicis S. Stephani Lemovicensibus scribit de monasterio S. Martialis annua-
786 3321 2702 3383 tim a populo visitando. In bibl. nat. Paris. ms. lat. 12746. f. 400. (cf. supra
786 3376 1062 3438 ep. 12084).
223 3405 408 3559 „4.
499 3414 614 3573 „
735 3418 2702 3489 12878 Monasterii S. Nicolai Spaldingensis protectionem suscipit bonaque et privilegia
784 3480 2697 3586 confirmat. petente Reginaldo priore. Monast. Anglie. nov. ed. III. 218. — „Quotiens illud a“.
987 174 1904 271 ALEXANDER III. 1159—1181.
2596 176 2724 269 309
