3007 3975
273 238 404 329 310
828 379 2231 479 1177. (Ind. 10. — 25. Sept. — 11, pont. a. 18. — 20. Sept. — 19.)
296 437 815 534 lul. 9.  Venetiis in
859 452 2828 532 12879 (8502) Parthenonem S. Andreae Ravennatem tuendum suscipit et bona eius,
563 521 804 638 Rivo alto
910 521 2823 589 petente Caliswera abbatissa, confirmat. Fantuzzi Mon. Rav. I. 327, Migne 200 p. 1125.
908 578 1451 642 — „Virginibus sacris“.
331 609 512 730 „ 10.
636 622 722 748 „
861 629 2830 693 12880 (8503) Monasterium S. Mariae in Organo Veronense tuendum suscipit eiusque
910 686 2830 746 bona ac privilegia confirmat, petente Opizone abbate. Biancolini Not. stor. di Ve-
912 744 2828 812 rona V. I. 17, (Hormayr Gesch. d. gef. Grafsch. Tir. I. II. 79, Migne 200 p. 1126.)
910 790 1347 854 — „Officii nostri“.
335 819 521 931 „ 10.
642 832 731 949 „
857 848 2821 912 12881 (8504) Monasterium S. Mariae Portense tuendum suscipit, eiusque bona ac pri-
912 907 2819 971 vilegia confirmat, petente Adelardo abbate. Schöttgen u. Kreysig Dipl. Nachlese I. 450
910 956 1716 1029 — „Religiosam vitam eligentibus“.
340 1000 521 1084 „ 11.
645 995 729 1152 „
866 1009 2832 1079 1882 (8505) Ordinis Cartusiensis generale capitulum „quae disposuerit et ordinaverit
912 1071 2830 1132 de instituendis et destituendis prioribus, . . . . et iustitutiam, quam super illos fecérit,
912 1132 2832 1192 quos ordini rebelles esse constiterit“, confirmat. Privilegia ord. Cart. fol. 1“, Nova
910 1185 2766 1241 coll. stat. ord. Cart., append. p. 3, Migne 200 p. 1128. — „Cum sitis religioni“.
335 1214 523 1305 „ 14.
640 1223 735 1298 „
861 1232 2830 1300 12883 Thesaurario, decano, cantori et universo capitulo b. Hilarii Pictaviensis concedit,
916 1296 2830 1351 ne quis decimas ab eis exigere vel ecclesiae possessiones, praecipue in Burgundia
914 1351 2819 1406 sitas, alienare praesumat. Mém. de la soc. des antiqu. de T'ouest 1847 p. 185. —
914 1395 1745 1464 „Omnium ecclesiarum indempnitati“.
342 1442 521 1525 „ 20.
638 1444 737 1532 „
863 1453 2832 1517 12884 (8506) Parthenoni b. Mariae Suessionensi „donationem praebendarum“ ecclesiae
916 1506 2832 1576 b. Petri asserit. (Verba „pontificatus nostri a. 1“ delenda sunt. Correxi regestum
916 1561 2832 1625 ex autographo in tab. nat. Paris L. 231. n. 50.) Germain Hist. de Notre dame de
914 1620 2330 1678 Soiss. p. 440, Migne 200 p. 1128. — „Relatum est auribus“.
342 1673 525 1742 „ 20.
640 1667 742 1784 „
863 1671 2830 1742 12885 (Theobaldo) episcopo Passaviensi mandat, cogat H. et S. comites parrochianos,
916 1729 2832 1788 ut monasterio S. Georgii in Carinthia praedium ereptum restituant et de damnis
919 1786 2830 1852 illatis satisfaciant. (Arte phototypica expressa est apud) Sickel Mon. graph. IX. 4.
916 1837 1692 1896 — „Ex conquestione dilectorum“.
349 1874 528 1965 „ 21.
638 1874 746 2007 „
863 1888 2830 1956 12886 Fratribus S. IIlidii donatam a P(ontio) episcopo Claramontensi ecclesiam con-
916 1954 2830 2016 firmat. Mém. de l'acad. de Clermont-Ferrand XIX. 290, Mon. pont. Arverniae p. 298.
912 1998 1659 2071 — „Iustis petentium desideriis“.
346 2040 523 2133 „ 21.
640 2051 753 2131 „
866 2055 2832 2120 12887 Romualdo, archiepiscopo Salernitano, eiusque successoribus permittit, ut per pro-
916 2111 2830 2173 vinciam suam crucem ante se ante deferri faciant. Paesano Mem. d. chiesa Salern.
914 2164 2830 2232 II. 207, ubi clausula desideratur, Pflugk-Harttung Acta III. 258. Haec certe est bulla,
916 2223 2830 2290 cuius mentio fit in Romoaldi Salern. Annal. in MG. SS. XLX. 455. 456. — „Monet
916 2274 1305 2345 nos apostolicae“.
344 2314 523 2400 „ 22.
642 2325 744 2457 „
870 2323 2834 2404 12888 Archiepiscopis, episcopis et aliis ecclesiarum praelatis mandat, ne a canonicis
919 2387 2830 2449 ecclesiae b. Hilarii Pictaviensis, „inter ceteras Aquitaniae ecclesias magis celebris et
916 2442 2832 2504 famosae“, decimas exigi vel bona eorum alienari patiantur. Mém. de la soc. des
916 2499 2207 2555 antiqu. de louest 1847 p. 186. — „Quanto iam dicta“.
349 2539 525 2643 „ 23.
645 2524 740 2663 „
872 2546 2834 2616 12889 (8507 (Rainerio) archiepiscopo Spalatino, legato apostolico, et Michaeli, episcopo
925 2603 2832 2667 Traguriensi, mandat, ut piratas Sebenicenses, in his Nestros et Perlat comites, qui
923 2661 2834 2722 Raymundum de Capella, subdiaconum suum, a (Willelmo) Siciliae rege ad sese re-
923 2714 2832 2780 vertentem, tum litteris regiis tum aliis pretii magni rebus spoliaverint, ad utrasque
923 2773 2834 2835 restituendas sub excommunicationis poena commoneant. Farlati IIl. sacr. III. 197,
923 2824 2545 2888 Migne 200 p. 1129, (Mon. Hung. hist. I. XI. 124.) — „Cum dilectus“.
349 2866 530 2952 „ 24.
649 2868 740 2954 „
872 2877 2834 2950 12890 Ecclesiae S. Salvatoris de Rivalto controversiam cum Slavo de Mestre, ab epi-
923 2932 2834 3005 scopo Tarvisino ad sedem apostolicam appellante, ita se diiudicasse testatur, ut hic
923 2987 2832 3056 molendina, in detrimentum molendinorum S. Salvatoris constructa, destruere debeat.
923 3040 2273 3102 Pflugk-Harttung Acta III. 259. — „Conquerentibus vobis“.
351 3071 839 3173 „ 24. Venetiisante
870 3091 2834 3171 Fridericum imperatorem excipit „die dominico ante festum b. lacobi“. V. infra 12891,
547 3146 835 3213 fores ecclesie
930 3142 2836 3215 12895, 12910; „Vigilia S. lacobi“, Bosonis card. vita Alex. p. 440, Hist. ducum
578 3206 802 3272 S. Marci
934 3206 2839 3268 Ven. in MG. SS. XIV. 83, Romoaldi Salern. Annal. ibid. XIX. 452, Relatio de
930 3250 2839 3327 pace Veneta ibid. p. 463, Chronica regia Colon. 1177 in MG. SS. XVII. 789, ed.
932 3305 2759 3376 Waitz p. 129: „IX. kal. August.“, Chronic. Magni presb. 1177 ibid. XVII. 503.
349 3361 536 3469 „ 25.
563 3367 835 3451 Venetiis in
879 3363 2839 3445 „in festo S. lacobi“. V. infra epp. 12891, 12895, 12910. Romoaldi Salern. Annal. p. 452,
596 3429 795 3491 ecclesia
934 3429 1679 3493 Bosonis card. vita Alex. p. 441.
583 3478 802 3637 „Eer*
879 3471 2839 3546 (Concilium hoc die celebratum esse, narrant Annales Pegavienses 1177 in MG. SS.
936 3533 2839 3632 XVI. 261; quod vero eum die 14 m. Augusti finitum eese constet et per quatuor-
1089 227 2012 318 ALEXANDER III. 1159—1181.
