3007 3975
707 335 2107 430 1177. (Indf. 10. — 25. Sept. — 11, pont. a. 18. — 20. Sept. — 19.)
786 410 2708 485 decim dies durasse ex ipsorum Annalium verbis pateat, initium eius in diem 1 m.
790 472 2708 538 Augusti redigatur oportet. Recte praeterea monuit Watterich, in epistolis quae se-
788 527 2710 596 quuntur, nullam occurere concilii mentionem. Cf. etiam Hefele V. 626, Watterich
786 583 1398 644 II. 627, Reuter III. 751.)
192 622 693 704 Iul. 26.  Venetiis in
733 631 2713 700 12891 (8508) Rogero, archiepiscopo Eboracensi, apostolicae sedis legato, et Hugoni, epi-
437 686 678 761 Rivo alto
786 693 2710 757 scopo Dunelmensi, significat, die 21 (rectius: 22) Iulii filium Alberti, marchionis
790 750 2708 814 Brandenburgensis, Frederici imperatoris camerarium, iusiurandum dedisse: „quod,
786 806 2710 870 postquam idem imperator veniret Venetias, pacem ecclesiae, et pacem Willielmi Si-
788 861 2713 918 liae regis usque ad 15 annos, et treugam Lombardorum usque ad 6 annos faceret
786 912 2704 978 iuramento firmari“. Imperatorem die 24 m. Iulii ad ecclesiam S. Nicolai pervenisse,
793 971 2706 1037 „et ibi tam ipsum, quam archiepiscopos, episcopos et alios principes Teutonici regni,
786 1026 2708 1082 abrenunciantes schismati, per episcopos et cardinales absolutionis beneficium meru-
788 1073 2706 1139 isse“. Deinde Venetiis et hoc et postero die 25 m. Iulii in ecclesia S. Marci sibi
788 1137 2710 1194 debitos honores ab imperatore habitos esse, quem „cum palafredum ibi paratum ascen-
786 1188 2710 1249 deret, stapham tenuisse“ narrat. (Iuramentum d. 23. Iul. praestitum esse, opinatur
788 1238 2706 1307 Reuter III. 751; Prutz Friedr. I. T. II. 322 d. 22. Iul. praefert, igitur pro „XII. kal. Aug.“
786 1298 2708 1360 legendum videtur „XI. kal. Aug.“. Quisnam vero iuraverit, non satis constat,
788 1349 2710 1417 probabiliter Henricus comes de Diessen, cf. Fechner in Arch. f. K. 6sterr. Gesch.
790 1408 2708 1470 XXI. 325, Reuter III. 300 n. 4, Peters Unters. z. Gesch. d. Fried. v. Venedig p. 117;
786 1464 2710 1528 ceterum difficile est intellectu, quo errore seductus papa et in hac et in sequenti
784 1517 2715 1578 epistola filium Alberti marchionis Brandenburgensis fOttonem] indicaverit.) Wilkins
786 1576 2715 1636 Conc. I. 487, Gesta Henrici II., olim Benedict. Petroburg. tributa, 1177 ed. Stubbs
788 1629 2713 1696 I. 188, in MG. SS. XXVII. 97, Roger de Hov. 1177 ap. Savile Rer. A. SS. p. 325, ed.
786 1682 2713 1744 Stubbs II. 141, Mansi XXI. 918, XXII. 180, Migne 200 p. 1130. — „Exigunt gratissimae“.
740 1737 2710 1808 12892 (8509) Petro, abbati Casinensi, et (Alphano) archiepiscopo Capuano eadem,
225 1700 402 1806 „ 27.
517 1720 609 1813 „
793 1799 2713 1861 quae Rogero archiepiscopo Eboracensi litteris superioribus, significat. Schiavinae Ann.
790 1843 2604 1908 Alex. in Hist. Patr. Mon. XI. 36, Mansi XXII. 178. — „Exigunt gratissimae“.
225 1885 402 1969 „ 27.
737 1903 2715 1965 12893 (8510) Willelmo, archiepiscopo Remensi, apostolicae sedis legato, et suffraganeis
521 1899 618 1974 „
788 1963 2713 2027 eius, memoratis Ludovici Francorum regis erga se meritis, nunciat Fridericum impe-
790 2016 2713 2082 ratorem ad ecclesiae obedientiam rediisse; „illam“ inquit „b. Petro in nobis reveren-
790 2069 2715 2128 tiam et devotionem exhibuit, quam antecessores eius nostris consueverunt antecesso-
790 2120 2713 2188 ribus exhibere“. Sigeb. contin. Aquicinct. 1177 in MG. SS. VI. 416, Gall. Chr. X.
786 2175 2713 2237 Instr. p. 47, Marlot Metr. Rem. II. 406, Migne 200 p. 1132. — „Cum per auxilium“.
740 2237 2713 2294 12894 (8511) G(uidoni), archiepiscopo Senonensi, eiusque suffraganeis eadem iisdem
227 2212 402 2296 „ 27.
528 2221 616 2298 „
793 2294 2715 2347 verbis scribit, quae superiore ad Willelmum Remensem epistola. Duchesne H. Fr.
790 2345 2631 2404 SS. IV. 601, Bouquet Rec. XV. 957, Mansi XXI. 991. — „Cum per auxilium“.
735 2400 2715 2462 ecclesiam S. Salvatoris consecrat. Cornelii Eccl. Ven. II. 240, cf. Hist. duc. Venet. in
227 2369 399 2453 „ 29.
528 2389 618 2464 „
790 2442 1221 2515 MG. SS. XIV. 84.
742 2493 2715 2572 12895 (8512) Archiepiscopis, episcopis, abbatibus et aliis ad capitulum Cistercii con-
229 2491 404 2572 „ 30.
521 2502 623 2577 „
790 2561 2713 2623 venientibus significat, Fridericum imperatorem „per studium et laborem fratrum
793 2619 2713 2678 suorum et P(ontii) Claromontensis episcopi et (Hugonis) abbatis Bonevallis“ ad fidem
790 2672 2713 2736 reversum esse. Die 24. et 25. Iulii Venetiis quid actum sit, nunciat. Martene
793 2722 2715 2795 Thes. I. 1847, Migne 200 p. 1132. (MG. Leg. II. 153). — „Omnipotenti deo“ „Habetis
790 2775 952 2844 nunc“.
229 2817 408 2897 „ 30.
713 2826 2715 2897 „ 12896 (8513) (Adelberto) archiepiscopo Salzburgensi mandat, compellat Reinoldum cle-
536 2826 638 2908 „
795 2899 2713 2952 ricum, et H. et R., homines marchionis Stirensis, ut ablata sororibus S. Georgii in
790 2945 2713 3009 Carinthia restituant. Hormayr Arch. f. Geogr. 1822 p. 176, Zahn Urk. v. Steier-
793 2996 1738 3065 mark I. 555. — „Conqueste sunt nobis“.
740 3051 2710 3122 12898 (8515) Ecclesiae Bonnensis protectionem suscipit, bonaque ac privilegia confirmat,
229 3040 413 3115 „ 31.
534 3047 620 3129 „
795 3113 2713 3173 petente Lothario praeposito. Günther Cod. dipl. Rh. Mos. I. 428, Migne 200 p. 1133.
793 3166 1334 3233 — „Ideo sumus, licet“.
231 3193 413 3281 „ 31.
746 3219 2715 3286 12899 Monasterii S. lohannis baptistae in monte Magdeburgensi protectionem suscipit
532 3215 620 3301 „
797 3272 2710 3334 decimasque ac iura quaedam confirmat, petente Sigefredo abbate. Holstein Urk. d.
793 3330 2531 3396 XI. Berge (Gesch.-Qu. d. Prov. Sachs. IX.) 27. — „Officio nostro congruit“.
229 3367 419 3451 „ 31.
748 3378 2713 3447 12900 (8516) Ludovico, Francorum regi, magistrum I., „pro verbo pacis ad sese desti-
519 3374 627 3456 „
797 3436 2708 3500 natum, cum certo verbo pacis remittit“. De Fridereco imperatore in gratiam secum
795 3495 2710 3595 rewerso significat. „Tibi“ inquit „et regno tuo gratias multimodas reddimus, per
969 181 1900 273 ALEXANDER III. 1159—1181.
2585 187 2708 273 311
