3007 3975
273 194 402 282 312
817 344 2231 437 1177. (Ind. 10. — 25. Sept. — 11, pont. a. 18. — 20. Sept. — 19.)
901 426 2814 488 cuius auxilium et potentiam nos ad tantum desiderabile bonum pervenisse non dubi-
901 483 2812 547 tamus“. Duchesne Hist. Fr. SS. IV. 600, Bouquet Rec. XV. 956, Mansi XXI. 990,
899 534 2079 594 Migne 200 p. 1135. — „Dilectum filium nostrum“.
293 574 503 666 Aug. 1.
565 567 773 664 Venetiis
843 578 2812 651 in palatio Gradensis patriarchae. Vide Sacramentum in anima imperatoris in MG. Leg. II.
905 644 2812 715 156; Romoaldi Salern. Annal. in MG. SS. XIX. 453, Bosonis card. vita Alex. ap.
908 693 1343 757 Watterich II. 442.
320 744 501 863 „ 1.
563 735 775 821 Venetiis
841 748 2812 823 Concilium. Annales Pegavienses 1177 in MG. SS. XVI. 261: Dominus papa in con-
541 797 799 874 in ecclesia
899 817 2812 876 cilio residens scismaticos omnes et ab eis ordinatos anathematizavit, praeter eos,
561 863 777 925 S. Marci
905 867 2814 925 quos mediante gratia restituere ex consilio monitus est. Nam Christianum Mogon-
903 925 2814 982 tiensem petitione imperatoris confirmavit, Cunradum ab illa ecclesia nuper eiectum in
901 978 2812 1035 Salzburgensi ecclesia praefecit, Udalricum etiam Halberstatensem restituit, Geronem
901 1029 2812 1090 removit. Concilium per XIIII. dies habitum est“. Gesta Henrici II., olim
899 1082 2812 1146 Benedicto Petrob. tributa, 1177 ed. Stubbs I. 185: „In hoc concilio lohannes, abbas
899 1141 2814 1205 de Struma, qui et vocatus fuerat papa Calixtus degradatus, et ab ipso imperatore
899 1194 2812 1260 et ab omnibus principibus Teutonici regni abrenunciatus est“. (De die quo habitum
897 1249 1780 1307 est concilium, vide supra ad 25. Iul.).
324 1285 510 1369 „ 2.
536 1289 802 1373 Venetiis in
843 1296 2814 1373 12901 (8517) (Rogerum) archiepiscopum Eboracensem et (Godefridum) episcopum Lincol-
547 1358 786 1464 Rivo alto
897 1358 2812 1419 niensem hortatur, videant, ne moniales Swinenses et Cotumenses adpraestandas decumas co-
899 1415 2810 1475 gantur. Monast. Anglic. I. 834, nov. ed. V. 494, Migne 200 p. 1136. — „Significaveruntnobis“.
326 1450 505 1539 „ 2.
634 1453 715 1576 „
846 1468 2812 1534 12902 (8518) Monasterii S. Crucis Monzoniensis protectionem suscipit, bonaque ac privilegia
897 1530 2808 1583 confirmat, petente Iohanne abbate. Hugo O. P. A. I. Pr. p. 472. — „Cum in ecclesia“.
320 1561 505 1643 „ 2.
625 1556 722 1643 „
848 1581 2810 1645 12903 (8519) Monasterii S. Mariae de Claustro (Hemmerodensis) protectionem suscipit,
899 1629 2812 1707 et disciplinam, possessiones, privilegia confirmat, petente Gisberto abbate. Beyer
897 1678 2014 1755 M. U. II. 64. — „Religiosam vitam eligentibus“.
318 1733 501 1808 „ 2.
631 1733 718 1819 „
846 1740 2810 1808 12904 Decano et capitulo Laudunensi praecipit, ut si episcopus ius suum praebendarum
894 1802 2810 1861 ecclesiae Guisiensis donandarum in alium transferre voluerit, assensum ei nequaquam
897 1848 2448 1912 praestent. Pflugk-Harttung Acta I. 263. — „Relatum est auribus“.
315 1879 503 1974 „ 2.
634 1901 715 2020 „
848 1910 2810 1974 12905 Ecclesiae de Monte-claro donatam a Raimundo, quondam episcopo Brixiensi,
892 1965 2805 2022 libertatem confirmat. Odorici Storie Bresciane VI. 34. — „Intelleximus ex autentico“.
315 2007 503 2111 „ 3.
634 2009 713 2082 „
848 2014 2808 2084 12906 *Inter Erardum, praepositum S. Mariae de Solio, et presbyteros quosdam factum
892 2075 2808 2135 ab archiepiscopo Salzburgensi iudicium confirmat. Ankershofen Urkundenreg. in Arch.
890 2128 2098 2192 f. K. österr. Gesch.-Qu. XI. 314. — „Cum inter te“.
318 2164 501 2239 „ 3.
634 2173 704 2292 „
848 2175 2808 2243 12907 Ecclesiae Leutkirchensi (Leuchileche) capellam de Bugensegel asserit, petente
901 2232 2805 2303 Walterio clerico. Weech Cod. dipl. Salemitan. p. 34. — „Iustis petentium desideris“.
318 2274 503 2362 „ 3.
636 2274 707 2362 „
846 2287 2805 2362 12908 (8520) Ecclesiae b. Petri Osnabrugensis privilegia, clericorumque possessiones
892 2349 2313 2404 confirmat. Möser Osn. Gesch. IV. 101. — „Iustis petentium“.
318 2385 503 2477 „ 6.
625 2393 713 2484 „
843 2391 2805 2466 12909 (8521) Monasterium S. Udalrici Augustense tuendum suscipit eiusque bona et
894 2462 2803 2519 iura confirmat, petente Henrico abbate. Mon. Boic. XXII. 187, Migne 200 p. 1137.
890 2510 2520 2570 (Fhamm Hier. Aug. V. Pars III. Regul. p. 41). — „Quotiens illud a“.
313 2544 499 2625 „ 6.
631 2552 711 2687 „
846 2561 2803 2625 12910 (8522) Richardo, archiepiscopo Cantuariensi, apostolicae sedis legato, et suffra-
894 2619 2803 2685 ganeis eius significat, Fridericum imperatorem die 24. Iulii Venetias venisse, sibique
892 2674 2803 2733 et eodem die et die 25. Iulii in b. Marci ecclesia debitum honorem tribuisse, ac
892 2731 2801 2791 d. 1. Augusti „iurare fecisse, quod pacem ecclesiae perpetuo, et pacem Willelmi Si-
894 2784 2803 2842 ciliae regis usque ad quindecim annos, et treuguam Longobardorum a praedictis
894 2837 2801 2899 Kalendis Augusti usque ad sex annos deberet servare“. Haec addit: „Sicut autem
892 2897 2803 2959 idem imperator nos in catholicum papam recepit, ita nos eum in catholicum impe-
890 2948 2801 3018 ratorem, et (Beatricem) uxorem eius in catholicam imperatricem, et (Henricum) filium
894 3003 2801 3071 ipsorum in catholicum regem recepimus“. Gesta Henrici II., olim Benedicto Petro-
894 3054 2799 3118 burgensi tributa, 1177, ed. Stubbs I. 187, in MG. SS. XXVII. 97, Roger de Hoveden
897 3111 2797 3175 1177 ap. Savile R. A. SS. p. 325, ed. Stubbs II. 140, Mansi XXI. 918, XXII. 180,
897 3166 2799 3228 Manrique Ann. Cist. III. 43, Migne 200 p. 1140, (Gervasii chron. ap. Twysden
892 3221 2315 3281 H. A. SS. I. 1439, ed. Stubbs I. 268). — „Immensas laudes“.
313 3184 499 3343 „
629 3261 709 3385 „
841 3270 2801 3336 12911 (8523) Petentibus canonicis Tornacensibus, „reditus praebendae, communibus usi-
894 3330 2797 3392 bus ecclesiae deputatae, iisdem usibus confirmat, arctius inhibens, ne praebenda in
892 3380 2761 3456 usus proprios transferatur“. Miraei Opp. dipl. IV. 24. — „Si quando postulatur“.
311 3427 503 3577 „ 3.
623 3427 704 3566 „
843 3438 2799 3509 12912 (8524) Choro ecclesiae Salzburgensis, praelatis ecclesiarum et ministerialibus
892 3489 2797 3599 praescriptae ecclesiae entra montana constitutis significat, in Adalberti locum, qui
1082 189 2008 282 ALEXANDER III. 1159—1181.
