3007 3975
680 311 2074 415 1177. (Ind. 10. — 25. Sept. — 11, pont. a. 18. — 20. Sept. — 19.)
760 388 2680 463 archiepiscopatu sua sponte abdicasset, ab episcopis (Romano) Gurcensi et (Theobaldo)
757 450 2677 518 Passaviensi, praelatisque Salzburgensibus, qui affuerint, Chunradum Moguntinum elec-
757 510 2677 567 tum esse; cui ut, sacramento quod Adalberto praestitissent soluti, obtemperent,
760 563 2680 629 hortatur. Chron. Magni presb. 1177 in MG. SS. XVII. 505, Hund I. 72, Mansi
762 611 2229 686 XXII. 191, Migne 200 p. 1141. — „Venerabilis frater noster“.
711 669 2680 737 12913 (8525) Ecclesiae S. Mariae Plavensis tutelam suscipit possessionesque confirmat,
161 620 667 764 Aug. 1o. Veneti. m
764 728 2682 803 petente Leonardo priore. Cornelii Eccl. Ven. X. III. 298. — „Religiosis votis an-
419 724 660 806 Rivo alto
764 790 989 843 nuentes“.
713 825 2682 903 12914 Monasterium S. Michaelis (ad Athesim) tuendum suscipit eiusque possessiones ac
196 836 377 916 „ 10.
494 848 581 918 „
764 892 2682 962 privilegia confirmat, petente Engelberto praeposito. Bonelli Notizie II. 458, Marian
760 951 2297 1015 Gesch. der österr. Clerisey IV. Anhang p. 15. — „Cum nobis sit“.
713 1002 2686 1071 12915 Inter (Desiderium Tarvanensem) episcopum et fratres S. Bertini Sithienses super
196 991 377 1082 „ 11.
486 1000 596 1075 „
764 1060 2686 1130 e0„ quod in villa Burburg episcopo debent, transactionem confirmat. V. Iohannis
766 1108 1860 1172 Longi chron. S. Bertini in MG. SS. XXV. 813.
715 1159 2691 1241 12916 Inter fratres Clarevallenses et monachos S. Benigni Divionenses iudicium super
198 1172 375 1241 „ 12.
497 1170 581 1249 „
764 1225 2688 1294 domo de Morains a M(athaeo) episcopo Trecensi et abbate S. Remigii promulgatum
766 1285 2211 1349 confirmat. Pflugk-Harttung Acta I. 263. — „Diu et multum“.
711 1336 2688 1397 Concilii ultimus dies, in quo pax inter ecclesiam et imperium, et annorum quin-
435 1283 649 1395 Veneri-
201 1325 380 1419 „ 14.
766 1389 2688 1448 decim pax imperatoris cum Siciliae rege composita, et Lombardorum treugae san-
408 1378 669 1457 in ecclesia
766 1446 2688 1503 ciuntur. Romoaldi Salernit. Ann. in MG. SS. XIX. 458: „vigiliis assumptionis b.
430 1453 651 1528 S. Marci
773 1501 2688 1559 Virginis, quae in die dominica advenerunt“. Bosonis card. vita Alex. in codice
766 1554 2691 1618 archiv. Vaticani ap. Watterich II. 443: „XIX. kal. Septembris“, (alii codd. perperam
766 1612 1946 1669 praebent „XVIII. kal. Sept.“), cf. supra ad 1. Aug.
404 1660 678 1740 Venetiis in
715 1662 2691 1729 12917 Episcopis, abbatibus, aliis ecciesiarum praelatis per Marchiam constitutis scribit
205 1662 391 1740 „ 15.
766 1722 2691 1784 haec: „Cum iam pridem Firmana civitas, sicut nostis, combusta fuisset, libri et uten-
419 1715 660 1797 Rivo alto
771 1775 2688 1843 silia ecclesiarum ipsius civitatis et praesertim maioris ecclesiae, sicut solet in simi-
768 1824 2691 1892 libus fieri, direpta sunt et ad loca alia deportata“. Mandat, cogant parochianos, ut
771 1885 2693 1943 et ablata restituant et ad reficiendam ecclesiam Firmanam conferant. Catalanus
771 1932 2691 1998 De ecclesia Firmana p. 342, Cappelletti Chiese d'It. III. 602. — „Cum iam pridem“.
722 1987 2693 2058 12918 (8526) Monasterii S. Iacobi Moguntini disciplinam Praemonstratensem confirmat,
205 1996 386 2064 „ 18.
505 2000 603 2067 „
773 2053 2693 2120 bulla ad Fulbertum abbatem. Hugo O. P. A. I. 848, Migne 200 p. 1142. — „Re-
775 2102 1117 2159 ferente nobis“.
720 2148 2697 2228 12919 Monasterii S. Dionysii et S. Bertulfi de Renti tutelam suscipit et privilegia con-
207 2159 386 2239 „ 20.
505 2159 605 2274 „
775 2210 2691 2276 firmat, petente Arnulfo priore. Ex chartul. Mai. monasterii, ms. lat. 5441. I. 351
775 2270 2003 2340 in bibl. nat. Paris. Misit Delisle. — „Quociens illud“.
724 2325 2693 2387 12920 (8527) Monasterio S. Dionysii ecclesias quasdam asserit. (Pro: „Veletri in rivo
209 2309 391 2400 „ 21.
503 2329 600 2398 „
775 2373 2695 2449 alto“ legendum esse: „Venetiis in rivo alto“ apparet ex autographo in tabul nat.
775 2426 2693 2493 Paris. L. 231 n. 51). Doublet Hist. de St. Denys p. 511. — „Cum monasterium“.
731 2488 2695 2557 12921 Ecclesiam Bituricensem tuendam suscipit eiusque primatum, possessiones, privi-
209 2488 391 2566 „ 21.
503 2493 603 2583 „
777 2544 2695 2605 legia confirmat. Guarino archiepiscopo eiusque successoribus usum pallii crucisque
775 2594 2695 2674 praeferendae concedit. In bibl. nat. Paris. Coll. Baluze 79. f. 165. — „Et ordo
775 2652 996 2720 rationis“.
729 2703 2695 2771 12922 (8528) (Rainerio) archiepiscopo Spalatino, legato apostolico, significat, se eius
214 2707 395 2786 „ 22.
503 2729 603 2789 „
777 2764 2695 2828 cum (Lampridio) archiepiscopo Iaderensi de episcopatu Phariensi controversiam ar-
777 2822 2697 2884 bitrio Raymundi de Capella, subdiaconi sui, legationem apostolicam in Sclavoniam
777 2870 2695 2952 ineuntis, permisisse. Farlati III. sacr. III. 198, Mon. Hung. hist. I. xI. 127, Migne 200
777 2930 1442 2996 p. 1143. — „Cum inter te“.
731 2983 2697 3047 12923 Parthenonis Strumensis protectionem suscipit ac possessiones quasdam confirmat,
218 2968 395 3056 „ 22.
499 2992 607 3060 „
784 3045 2691 3109 petente Mathilde abbatissa. In bibl. nat. Paris. Coll. Moreau t. 70. f. 262. —
782 3098 1491 3162 „Apostolicae sedis auctoritate“.
733 3140 2695 3210 12924 Canonicos Patavinos ecclesiae domos invadere vel alia eius bona rapere vetat.
216 3138 397 3221 „ 22.
514 3149 614 3219 „
784 3199 2063 3268 Gloria Cod. dipl. Padov. II. 355. — „Accepimus unde“.
733 3255 2697 3319 12925 (8529) Everardo, episcopo Tornacensi, interdicit, ne „in divisione praebendarum
220 3246 402 3336 „ 25.
512 3252 616 3327 „
788 3319 2697 3372 nonnisi iuxta tenorem scripti sui (v. supra ep. 11794) procedat“, nec in ecclesia ca-
786 3363 2697 3425 nonicum ordinet, nisi prius dimidiatas praebendas ac praecipue eam G. archidiaconi
788 3422 2691 3500 Laudunensis redintegraverit. Miraei Opp. dipl. II. 976, Migne 200 p. 1144. —
790 3469 1387 3588 „Audivimus et andientes“.
216 3528 773 3617 Regests Pont. Roman. Bd. eea. II.
2357 3537 2428 3619 40
938 159 1866 260 ALEXANDER III. 1159 — 1181.
2551 161 2680 258 313
