3007 3975
326 176 455 269 314
872 326 2269 417 1177. (Ind. 10. — 25. Sept. — 11, pont. a. 18. — 20. Sept. — 19.)
346 390 863 479 Aug. 26.  Venetiis in
901 406 2865 477 12926 (8530) Ecclesiam S. Danielis Venetam tuendam suscipit, eiusque bona et iura,
607 465 846 545 Rivo alto
954 463 2863 538 petente Petro priore, corroborat. Cornelii Eccl. Ven. IV. 190. — „Desiderium,
954 521 1197 585 quod ad“.
384 560 563 666 „ 26.
687 576 771 660 „
908 563 2865 644 12927 A canonicis Laudunensibus factam de assensu L(udovici), Francorum regis, con-
952 627 2865 691 stitutionem, ut „de redditibus thesaurariae duo cerei sumantur, qui perpetuo circa
952 677 2865 750 maius altare ardeant“, confirmat. Pflugk-Harttung Acta I. 264. — „Relatum est
950 739 1170 806 auribus“.
380 788 565 859 „ 26.
689 806 771 870 „
905 786 2863 861 12928 Monasterio S. Vedasti villam Hasprensem confirmat. In bibl. nat. Paris. Coll.
954 852 2202 909 Moreau t. 70. f. 264. — „Iustis petentium desideriis“.
380 889 561 980 „ 26.
684 896 773 980 „
901 898 2865 976 12929 *Fratribus S. Bertini Sithiensibus „de palude Salprewic“ privilegium dat. Vide
952 962 2246 1020 Iohannis Longi chron. S. Bertini in MG. SS. XXV. 813.
377 1000 554 1084 „ 28.
682 995 777 1139 „
903 1015 2865 1075 12930 (8531) Abbati et capitulo S. Dionysii concedit, „ut nonnisi legato a latere Ro-
952 1071 2863 1128 mani pontificis destinato legationis obtentu teneantur respondere“. (Pro: „Veletri in
954 1130 2863 1188 rivo alto“ leg. esse „Venetiis in rivo alto“ docent duo autographa in tab. nat. Paris.
950 1177 2861 1245 L. 231 n. 52aetb asservata). Doublet Hist. de St. Denys p. 511. — „Quanto specialius“.
377 1219 556 1313 „ 28.
680 1163 779 1327 „
899 1234 2863 1294 12931 (8532) Monasterii S. Mariae de Carcere protectionem suscipit, bonaque et privi-
950 1285 2858 1358 legia confirmat, petente (Agnello) priore. Mittarelli Ann. Cam. IV. app. p. 80,
945 1342 2461 1413 Gloria Cod. dipl. Pad. II. 359. — „Religiosam vitam eligentibus“.
340 1386 558 1470 Sept. 6.
678 1353 768 1514 „
901 1395 2863 1461 12932 (8533) Ecclesiae S. Donatiani Brugensis protectionem suscipit, possessionesque
947 1453 2858 1519 ac privilegia confirmat, petente Gerardo praeposito. Miraei Opp. dipl. II. 1330,
952 1510 2220 1578 Migne 200 p. 1144. — „Commissae nobis apostolicae“.
375 1550 556 1651 „ 8.
682 1556 766 1658 „
899 1559 2861 1629 12933 (8534) Parthenonem S. Secundi Venetum tuendum suscipit, eiusque bona con-
943 1614 2856 1676 firmat, petente Fusca abbatissa. Cornelii Eccl. Ven. VI. 34. — „Cum non possitis“.
373 1649 556 1753 „ 11.
682 1647 764 1786 „
899 1671 2861 1735 12934 Monasterii S. Silvini Alciacensis possessiones quasdam confirmat, petente Guillelmo
945 1733 2858 1788 abbate. Bétencourt Cartul. de S. Silvin d'Auchy p. 62, Cardevacque L'abbaye d'Auchy-
945 1786 2719 1841 les-Moines p. 199, Pflugk-Harttung Acta I. 264. — „Officio nostro congruit“.
371 1826 552 1919 „ 16.
678 1815 760 1952 „
901 1835 2858 1899 12935 Dominico, abbati S. Iustinae Patavino, „usum chirothecarum in dominicis diebus
945 1888 2854 1954 et in praecipius festivitatibus infra missarum sollemnia, et quotidianum usum anuli“
943 1947 2852 2016 concedit. Dondi Dissertazioni VI. docum. p. 102, Gloria Cod. dipl. Pad. II. 362. —
947 2000 1400 2067 „Quanto circa nos“.
373 2040 554 2137 „ 16.
680 2049 766 2153 „
897 2044 2856 2122 12936 (8535) Dominico, abbati S. Iustinae Patavino, concordia cum canonicis violata,
945 2111 2854 2177 permittit, „ut in obsequiis defunctorum, episcopo absente, vel missam cantare nolente,
945 2173 2854 2226 in monasterio specialem missam cantet“. Ughelli It. sacr. V. 441, Gloria Cod. dipl.
941 2219 2412 2279 Pad. II. 361, Migne 200 p. 1146. — „Intelleximus ex scripto“.
371 2259 552 2345 „ 18.
678 2270 760 2349 „
890 2263 2854 2338 12937 (8536) Hugoni abbati Insulano mitrae usum concedit. Margarini Bull. Cas. II. 193.
938 2336 1495 2400 — „Memores antiquae“.
371 2365 547 2453 „ 19.
671 2358 771 2517 „
892 2382 2856 2453 12938 (Alberico), episcopo Regino, concedit, ut clericos alienorum episcopatuum in ec-
941 2440 2854 2499 clesiis suis sine ipsius consensu institutos removeat, „nisi aliquos ex his ex dispensa-
943 2495 2847 2559 tione in eisdem ecclesiis duxerit dimittendos.“ Pflugk-Harttung Acta III. 260. —
941 2546 1553 2619 — „Te nobis proponente“.
368 2583 550 2683 „ 19.
673 2588 764 2683 „
892 2594 2852 2663 12939 I(ohanni) abbati et fratribus S. Iohannis de Vineis Sucessionensis ecclesiam de
938 2661 2850 2725 Sacconiaco asserit. Chartul. S. Ioh. de Vineis s. XIII. ms. lat. 11004 f. 12“ in bibl.
941 2714 1931 2784 nat. Paris. — „Iustis petentium desideriis“.
368 2756 547 2833 „ 25.
665 2773 762 2844 „
892 2762 2852 2833 12940 (8537) Canonicis ecclesiae Bononiensis concedit, ne laicis decumas exhibeant.
936 2826 2399 2881 Savioli Ann. Bol. II. II. 84. — „Pensata sinceritate devotionis“.
368 2862 547 2959 „ 26.
673 2875 760 2987 „
892 2870 2852 2941 12941 (8538) Petente R(ainaldo), episcopo Noviomensi, compositionem inter B(alduinum)
941 2939 2850 2996 quondam episcopum et Gerardum de Chirisi factam confirmat. Mabillon De re dipl.
936 2990 2697 3051 p. 265, Bouquet Rec. XV. 958, Migne 200 p. 1146. — „Vidimus scriptum“.
366 3023 550 3142 „ 27.
665 3034 762 3149 „
894 3036 2845 3111 12942 (8539) Presbytero lohanni, Indorum regi, scribit, se iam diu quidem audisse,
938 3100 2847 3155 eum Christianam legem sequi; sed tum primum magistrum Philippum, medicum et
938 3149 2847 3213 familiarem suum detulisse, eum cupere „erudiri catholica et apostolica disciplina et
943 3208 2847 3266 in Urbe habere ecclesiam et Ierusalem altare aliquod, ubi viri prudentes de regno
936 3263 2847 3330 manere possint et apostolica plenius instrui disciplina“. Mittit igitur eundem Phi-
936 3314 2847 3374 lippum medicum, per quem ad fidem catholicam deducatur. Zarncke Der Priester
938 3369 2845 3436 Iohannes in Abhandl. der Sächsisch. Ges. d. Wiss. XVII. 941, (Gesta Heinrici II.,
938 3425 2845 3493 olim Benedicto Petroburg. tributa, 1178 ed. Stubbs I. 210, Rogeri de Hoved. Annal.
943 3478 2845 3595 1178 ap. Savdle R. A. SS. p. 381“, ed. Stabbs II. 168. Ransi XXI. 907. Migne 200
1137 170 2059 269 ALEXANLER III. 1159—1181.
