3007 3975
667 329 2063 424 1177. (Ind. 10. Sept. — 25. — 11, pont. a. 18. — 20. Sept. — 19.)
748 401 2668 485 p. 1148, Radulf. de Diceto ap. Twysden H. A. SS. I. 608, Opp. ed. Stubbs I. 440).
751 463 1972 534 — „Apostolica sedes“ („Audiveramus iam pridem“).
693 518 2666 591 12943 (8540) Monasterii S. Mariae Magdalenae de Lacu luriensi protectionem suscipit,
148 496 651 602 Sept. 29. Vonetiis in
746 585 2671 642 possessionesque ac privilegia confirmat, petente Gualtero abbate. Mém. et doc. de
402 574 636 655 Rivo alto
748 633 2565 702 la Suisse Rom. I. 185, Migne 200 p. 1150. — „Religiosam vitam eligentibus“.
695 686 2668 755 12944 Domum infirmorum fratrum (leprosorum) de Dullendio tuendam suscipit, eorumque
185 691 360 779 „ 29.
483 684 572 779 „
748 753 2671 812 possessiones et privilegia confirmat. Daire Hist. d. Doullens p. 167. — „Eos quos
746 801 943 867 manus“.
700 854 2671 916 12945 (8541) Ecclesiae Ferrariensis protectionem suscipit, canonicorumque bona con-
490 845 574 947 „
748 905 2668 971 firmat, petente Widone praeposito. (Temporis significatio vitiosa). Ughelli It. sacr.
746 958 2151 1026 II. 538, Migne 200 p. 1152. — „Piae postulatio voluntatis“.
139 1015 355 1117 Oct. 2.
695 1020 2666 1082 12946 (8543) Iohanni, episcopo Bononiensi, decumas ex novis Savinae fluminis molen-
488 1015 574 1110 „
746 1071 2470 1132 dinis concedit. Savioli Ann. Bol. II. rr. 85. — „Cum ad nostrum spectet“.
698 1124 2668 1196 12947 (8544) Parthenonis S. Christinae Pastinensis, eiusque bona et privilegia confirmat,
178 1104 360 1205 „ 4.
483 1108 576 1238 „
746 1177 2666 1247 petente Scolastica abbatissa. Mittarelli Ann. Cam. IV. app. p. 83. — „Austri terram
744 1236 1111 1307 inhabitantibus“.
695 1291 2668 1355 12948 (8545) Monasterium S. Hilarii Venetum tuendum suscipit, eiusque bona et pri-
176 1285 353 1371 „ 5.
477 1285 570 1424 „
748 1344 2660 1417 vilegia, petente Uberto abbate, confirmat. Cornelii Eccl. Ven. IX. 380, (Gloria Cod
742 1413 1747 1464 dipl. Pad. II. 362). — „Religiosam vitam“.
695 1450 2666 1528 12949 (8546) Parthenonem S. Mariae Molianensem tuendum suscipit et eius bona ac
178 1442 357 1539 „ 8.
483 1442 565 1543 „
744 1512 2355 1583 iura confirmat. Ughelli It. sacr. V. 527. — „Prudentibus virginibus“.
698 1567 2664 1636 12950 (8547) G(erardo), archiepiscopo Ravennati, donat castrum Bretonorii, ecclesiae
178 1554 355 1636 „ 8.
477 1554 570 1689 „
748 1627 2664 1693 Romanae a C(avalcaconte) comite legatum. Mittarelli Ann. Cam. III. 331, (Fantuzzi
744 1680 2366 1742 M. R. IV. 274), cf. Reuter III. 758. not. I. — „Novimus et tenemus“.
693 1735 2664 1797 12951 Monasterio Bonae-spei altaria quaedam asserit. Maghe Chronicum eccl. Bonae-
178 1724 353 1830 „ 9.
486 1735 567 1824 „
746 1797 1913 1852 spei p. 111, teste Wauters Table chronol. II. 570.
698 1841 2666 1916 12952 *Alberto de Summa, S. R. E. subdiacono et apost. sedis legato, mandat, ut
174 1819 351 1921 „ 10.
472 1841 570 1961 „
742 1901 2664 1965 rectoribus societatis Lombardiae tradat Friderici imperatoris litteras, quibus promisit
746 1958 2662 2022 „tam Lombardis quam Marchianis et illis de Romania et reliquis de societate ipsorum,
744 2016 2664 2073 quod pro fidelitate ei non praestita vel servitio non exhibito aut investitura non
744 2064 2662 2137 petita, quamdiu treuguae durassent, nullum de societate ipsorum post treuguam iu-
746 2128 2662 2179 dicaturus esset nec propter hoc cuilibet feudum ablaturus“. Vide instrument. ap.
744 2170 2432 2234 Muratori Ant. It. IV. 287, cf. Watterich II. 639 not. et Stumpf n. 4229.
695 2230 2664 2294 12953 Philippo abbati et fratribus Bonae-spei asserit decimas a quadraginta retro annis
176 2197 357 2303 „ 13.
481 2190 565 2307 „
740 2287 2660 2347 possessas. Maghe Chron. eccl. Bonae-spei p. 111 teste Wauters Table chronol. II. 570.
176 2323 355 2402 „ 13.
698 2343 2662 2402 12954 *Monasterii S. Georgii Veneti bona confirmat. Wiener Sitzungsber. XCIV. 675.
483 2314 556 2409 „
174 2385 353 2475 „ 13.
695 2396 2662 2457 12955 Monasterio Eveshamiensi ecclesiam S. Michaelis Lundoniensem asserit. Ex cod.
466 2389 576 2510 „
746 2455 2662 2521 Mus. Brit. Harleian. 3763 f. 95. Dedit b. m. Karolus Pertz. — „Iustis petentium
737 2499 1000 2572 desideriis“.
693 2544 2662 2621 12956 (Canonicis Tarvanensibus de altaribus a successione revocatis) privilegium dat.
508 2544 541 2636 „
742 2608 2076 2676 (Bulla mutila.) Duchet et Giry Cart. de Térouane p. 52.
174 2636 355 2753 „ 16.
408 2654 618 2729 Venetiis
687 2669 2662 2736 navi avehitur „XVII. kal. Nov.“, Schiavinae Annal. Alexandr. 1177 in Hist. Patr. Mon.
737 2725 2662 2784 SS. IV. 39; „circa medium mensis Octobris“. Bosonis card. Vita Alex. ap. Watterich II. 447.
174 2749 357 2842 „ 29.
693 2782 2664 2848 pervenit „IV. kal. Nov.“, Bosonis card. vita Alex. p. 447, („Secundo die stante mensis
397 2764 631 2848 Sipontum
740 2828 2085 2895 Octobris“, Romoaldi Salern. Annal. in MG. SS. XIX. 458.)
139 2850 600 2976 Nor (13) t. Troiae.
695 2881 2662 2950 12957 (8548) Magistro Hugoni gratias agit, quod librum „pro Deo et pro devotione ec-
740 2948 2660 3007 clesiae“ compositum per magistrum Cacciaredum ad sese miserit. Monet, ut (Ma-
740 3003 2660 3062 nuelem) „Constantinopolitanum imperatorem ad devotionem et reverentiam sacrosanc-
740 3051 2657 3120 tae Romanae ecclesiae exhibendam et ad unitatem ipsius diligentius provocet“. Mansi
742 3102 2118 3166 XXI. 909, Migne 200 p. 1154. — „Cognoscentes laborem“.
691 3160 2302 3235 Vid. Bosonis card. vita Alex. p. 447, Romoaldi Salern. Annal. p. 458.
125 3142 368 3230 Nov. Dec.
391 3153 638 3221 Beneventi
693 3213 1559 3274 Vide Romoaldi Salern. Annal. p. 459.
408 3224 609 3283 Aversae
176 3226 313 3279 „) „
172 3268 326 3327 „ „
377 3268 649 3334 S. Germani
691 3266 1551 3334 Vid. Bosonis card. vita Alex. p. 447.
139 3308 360 3383 Dec. 14.
388 3321 636 3387 Anagniam
684 3319 2103 3392 pervenit „XIX. kal. Ianuar“. Bosonis card. vit. Alex. p. 447.
174 3376 357 3522 „ *.
397 3383 631 3526 Asasnle“
693 3380 2655 3445 12958 (8551) Monasterii S. Mariae Novi-castri (Neuenburgensis) patrocinium suscipit et
744 3436 2651 3509 possesiones iuraque confirmat, petente Nendungo abbate. Schoepflin Als. dipl. I. 26,
746 3484 2348 3601 Pardrwein Nor. subs. dipt. X. 55. — „Religiosam vitam eligentibus“.
2293 3548 2381 3663 40*
932 181 1860 276 ALEXANDER III. 1159—1181.
2538 176 2671 271 315
