3007 3975
298 231 424 313 316
843 379 2242 463 1177. (Ind. 10. — 25. Sept. — 11, pont. a. 18. — 20. Sept. — 19.)
583 421 817 574 Auagnta.
313 432 541 547 Oec. 21.
870 448 2841 523 12959 (8552) Monasterii S. Mariae Herrenalbensis protectionem suscipit, possessionesque
925 512 2843 583 ac privilegia confirmat, petente Ulrico abbate. Crusii Ann. Suev. II. 467, Besold
925 569 2839 636 Doc. red. p. 74, Wirtenberg. Urkundenb. II. 181, (Petri Suev. eccl. p. 21). — „Re-
927 622 1568 695 ligiosam vitam eligentibus“.
881 677 2843 753 12960 (8553) Monasterii Schoenthalensis protectionem suscipit, possessionesque ae pri-
355 669 539 755 „ 21.
660 680 751 764 „
930 739 2836 799 vilegia confirmat, petente Hartwico abbate. Wirtemberg. Urkundenb. II. 185. —
930 783 1648 859 „Religiosam vitam eligentibus“.
881 836 2845 912 12961 (8554) Monasterii Maulbrunnensis protectionem suscipit, bonaque et privilegia
353 836 541 914 „ 21.
665 861 746 918 „
930 907 2843 962 confirmat, petente Dithero abbate. Wirtemberg. Urkundenb. II. 183. — „Religiosam
927 960 1365 1024 vitam eligentibus“.
879 1004 2845 1073 12962 Monasterii S. Mariae vallis (Stürzelbronnensis) protectionem suscipit, et eius pos-
357 1000 543 1079 „ 21.
671 1022 746 1084 „
930 1064 2845 1126 sessiones ac privilegia confirmat. Remling Urkundenb. zur Gesch. der Bischöfe von
927 1124 2081 1188 Speyer p. 118. — „Religiosam vitam eligentibus“.
881 1166 2847 1247 12963 *Clrico, abbati Villariensi, privilegium dat. Wauters L'anc. abbaye de Willers
360 1150 541 1291 „ 23.
649 1170 755 1258 („)
927 1223 2158 1294 p. 18, cf. Chron. Villar. mon. in MG. SS. XXV. 196.
881 1278 2847 1349 12964 (Theobaldo) Ambianensi et (Frumoldo) Atrebatensi episcopis mandat, iudicent
932 1342 2847 1402 inter Everardum episcopum Tornacensem et canonicos S. Richarii, de capella Thosan
934 1395 2847 1457 litigantes. Chronique de Ter Doest p. 36, teste Cron. et cart. de Dunis, in
930 1455 1164 1517 fine p. 2.
881 1497 2847 1572 12965 (8555) Monasterii Phalempinensis privilegia confirmat. (Fragmentum). Buzelini
930 1552 1453 1620 Gallo-Flandria p. 374.
881 1605 2850 1676 12966 Monasterii S. Crispini de Cavea Suessionensis tutelam suscipit ac disciplinam, pos-
932 1667 2843 1731 sessiones, privilegia, petente Theobaldo abbate, confirmat. Coll. Baluze t. 73. f. 231*
934 1720 2847 1788 in bibl. nat. Paris. Misit Delisle; Chartul. S. Crispini ms. lat. 18372 f. 16“ in eadem
932 1777 1849 1855 bibl. — „Effectum iusta postulantibus“.
848 1857 1022 1954 1177?
881 1925 2850 2005 12967 Ecclesiae Hadmerslebensis tutelam suscipit eiusque sepulturam liberam esse de-
932 1991 2547 2055 cernit Loewenfeld Epistolae p. 149. — „Apostolice sedis auctoritate“.
881 2049 2847 2120 12968 T. de Pilio ob studium erga se et Romanam ecclesiam gratias agit hortaturque,
932 2102 2660 2179 ut in eo perseveret. Loewenfeld Epistolae p. 149. — „Gratum nobis est“.
852 2188 1195 2279 1160—1178.
331 2239 547 2338 Ian. 4.
589 2197 824 2385 I—
888 2254 2854 2345 12969 Abbati monasterii S. Aegidii mitrae usum concedit. Goiffon Bull. de St.-Gilles
941 2327 1829 2389 p. 89. — „Cum constet monasterium“.
890 2378 2852 2444 12970 *Canonicis S. Stephani Lemovicensibus scribit de monasterio S. Martialis annuatim
360 2367 550 2453 „ 4.
678 2382 748 2466 „
941 2438 2852 2495 a populo visitando. In bibl. nat. Paris. ms. lat. 12746. f. 400, (cf. supra ep. 12877).
366 2479 547 2568 „ 10.
894 2491 2850 2563 12971 Abbati et fratribus Dervensibus litteras dat. Neues Archiv VII. 102. — „Ex
678 2499 762 2579 „
941 2550 1400 2610 ministerio suscepti“.
890 2581 2852 2663 12972 Ecclesiae S. Mariae et S. Theobaldi Metensis protectionem suscipit. Ex Coll.
371 2579 547 2683 „ 16.
671 2583 768 2698 „
941 2656 2657 2714 Moreau 83 f. 124 in bibl. nat. Paris. Misit Delisle. — „Apostolicae sedis“.
890 2709 2852 2769 12973 Priori et conventui S. Andreae (in Scotia) bona ac privilegia quaedam asserit.
371 2687 547 2769 „ 17.
673 2683 766 2817 „
941 2758 2463 2822 Liber cartarum S. Andreae p. 81. — „Iustis petentium desideriis“.
894 2806 2854 2888 12974 (8556) Leprosis Abbatis-villae decumarum immunitatem concedit terramque de
368 2813 552 2895 „ 17.
678 2809 771 2921 „
941 2870 2852 2937 Cantastra, concessam a comite Pontivi cum assensu Guidonis fratris, asserit. Hist.
941 2928 2624 2985 ecclés. d'Abbeville p. 387, Migne 200 p. 1154. — „Movent nos dolores“.
897 2987 2852 3051 12975 (8557) Priori et fratribus de Chava possessiones quasdam asserit. Bullar. Cluniac.
373 2968 556 3049 „ 18.
682 2970 762 3056 „
945 3034 1840 3104 p. 72. — „Iustis petentium desideriis“.
894 3080 2854 3157 12976 (8558) Plebanis, capellanis et aliis clericis monasterii Puteolensis circumpositis
375 3080 556 3175 „ 20.
680 3085 766 3173 „
943 3144 2852 3210 interdicit, „ne aliquibus parochianorum aliquatenus prohibeant, quin libere valeant
945 3208 2850 3263 apud monasterium habitum monachalem induere vel inibi sepeliri“. Mittarelli Ann.
943 3252 2140 3323 Cam. IV. app. p. 103. — „Sicut mercedis fructum“.
897 3305 2852 3376 12977 (8559) R(ainaldo), episcopo Aesino, permittit, „ut, civibus infra certum terminum
371 3277 558 3414 „ 2s.
671 3294 771 3414 „
945 3367 2854 3429 minime redeuntibus ad ecclesiae devotionem, in aliquo loco idoneo Aesinae dioecesis
945 3420 2852 3486 moram trahere et proventus episcopatus cum integritate percipere valeat“. (Aliena
947 3473 2852 3557 manus addidit: „pontificatus nostri a. V.“). Baldassini Mem. di Iesi app. p. III,
947 3526 1880 3621 Migne 200 p. 1155. — „Ex parte tua“.
1109 227 2032 320 ALEXANDER III. 1159— 1181.
