<?xml version="1.0" encoding="UTF-8"  standalone="yes"?>
<PcGts xmlns="http://schema.primaresearch.org/PAGE/gts/pagecontent/2019-07-15" xmlns:xsi="http://www.w3.org/2001/XMLSchema-instance" xsi:schemaLocation="http://schema.primaresearch.org/PAGE/gts/pagecontent/2019-07-15 http://schema.primaresearch.org/PAGE/gts/pagecontent/2019-07-15/pagecontent.xsd">
  <Metadata>
	<Creator>escriptorium</Creator>
	<Created>2024-07-19T10:11:37.336241+00:00</Created>
        <LastChange>2024-08-08T08:41:20.028544+00:00</LastChange>
  </Metadata>
  <Page imageFilename="0330.png" imageWidth="3007" imageHeight="3975">
    <TextRegion id="eSc_textblock_334d6ee9"  custom="structure {type:default;}">
      <Coords points="2580,335 2759,344 2768,388 2733,3539 733,3566 704,3531 459,3557 439,3469 413,3548 194,3539 159,3071 176,1466 141,1296 167,450 194,388 404,371 439,432 450,371 713,379 733,344 2580,335"/>
      <TextLine id="eSc_line_b0bcbda5" custom="structure {type:default;}">
        <Coords points="711,377 713,404 713,426 1049,426 1051,399 1047,362 921,344 919,344 916,344 877,362 874,362 861,362 735,348 733,348 731,348 726,348 711,377"/>
        <Baseline points="713,404 1051,399"/>
        <TextEquiv conf="0.9999991059303284">
          <Unicode>1160—1178.</Unicode>
        </TextEquiv>
      </TextLine>
      <TextLine id="eSc_line_1fadf21c" custom="structure {type:default;}">
        <Coords points="744,463 744,488 2715,481 2715,459 2708,404 2626,417 2445,406 2412,404 2410,404 2397,406 2335,417 1990,408 1822,406 1820,406 1756,410 1687,417 1663,412 1634,406 1632,406 1584,412 1539,419 1531,412 1520,406 1517,406 1515,406 1338,406 1336,406 1290,415 1272,419 1257,415 1224,406 1221,406 1219,406 1089,417 1082,417 1058,406 1056,406 1053,406 1051,406 1049,406 1034,417 1029,419 1005,417 872,408 870,408 742,419 744,463"/>
        <Baseline points="744,463 2715,459"/>
        <TextEquiv conf="0.9866614136202582">
          <Unicode>12978 Monasterii Savigneiensis transactiones confirmat itemque possessiones a Dei fide-</Unicode>
        </TextEquiv>
      </TextLine>
      <TextLine id="eSc_line_af79ec7b" custom="structure {type:default;}">
        <Coords points="450,465 450,496 563,507 565,507 680,492 682,461 678,408 448,395 450,465"/>
        <Baseline points="450,465 682,461"/>
        <TextEquiv conf="0.99972203373909">
          <Unicode>Anagniae</Unicode>
        </TextEquiv>
      </TextLine>
      <TextLine id="eSc_line_4194dbee" custom="structure {type:default;}">
        <Coords points="194,468 194,499 408,494 410,463 404,404 192,415 194,468"/>
        <Baseline points="194,468 410,463"/>
        <TextEquiv conf="0.9998697862029076">
          <Unicode>lan. 23.</Unicode>
        </TextEquiv>
      </TextLine>
      <TextLine id="eSc_line_0f670ce4" custom="structure {type:default;}">
        <Coords points="795,518 795,541 2713,538 2715,514 2710,485 1760,474 1758,474 1672,485 1663,488 793,488 795,518"/>
        <Baseline points="795,518 2715,514"/>
        <TextEquiv conf="0.9949498893339422">
          <Unicode>libus ei collatas. (Probabiliter ad a. 1176—78 redigenda propter bullam 13006).</Unicode>
        </TextEquiv>
      </TextLine>
      <TextLine id="eSc_line_2654bed4" custom="structure {type:default;}">
        <Coords points="795,569 793,602 2710,605 2715,574 2713,541 795,536 795,569"/>
        <Baseline points="795,569 2715,574"/>
        <TextEquiv conf="0.9902085301316814">
          <Unicode>Cartul. de Savigny s. XIII. f. 158“ et 169b in Arch. dép. de la Manche in St.-L0.</Unicode>
        </TextEquiv>
      </TextLine>
      <TextLine id="eSc_line_847ed967" custom="structure {type:default;}">
        <Coords points="797,624 795,642 1166,658 1168,658 1398,647 1400,629 1398,598 797,594 797,624"/>
        <Baseline points="797,624 1400,629"/>
        <TextEquiv conf="0.9999704003334046">
          <Unicode>— „Fervor et integritas“.</Unicode>
        </TextEquiv>
      </TextLine>
      <TextLine id="eSc_line_f653bec1" custom="structure {type:default;}">
        <Coords points="748,684 748,713 2715,711 2715,684 2713,642 748,647 748,684"/>
        <Baseline points="748,684 2715,684"/>
        <TextEquiv conf="0.9899738360018957">
          <Unicode>12979 Inter monasterium Ursicampi aliaque factas de decimis compositiones confirmat.</Unicode>
        </TextEquiv>
      </TextLine>
      <TextLine id="eSc_line_857a3447" custom="structure {type:default;}">
        <Coords points="229,691 229,735 408,719 408,684 404,640 227,640 229,691"/>
        <Baseline points="229,691 408,684"/>
        <TextEquiv conf="0.9999996185302734">
          <Unicode>„ 23.</Unicode>
        </TextEquiv>
      </TextLine>
      <TextLine id="eSc_line_434bfcbf" custom="structure {type:default;}">
        <Coords points="525,695 523,724 605,719 607,700 605,644 525,649 525,695"/>
        <Baseline points="525,695 607,700"/>
        <TextEquiv conf="0.9994567036628723">
          <Unicode>„</Unicode>
        </TextEquiv>
      </TextLine>
      <TextLine id="eSc_line_cd11d741" custom="structure {type:default;}">
        <Coords points="795,737 795,761 1455,775 1458,775 1546,761 1573,775 1575,775 1577,775 1579,775 1637,761 1749,775 1752,775 1851,764 2485,772 2487,772 2489,772 2492,772 2509,759 2512,759 2710,759 2713,733 2706,704 793,706 795,737"/>
        <Baseline points="795,737 2713,733"/>
        <TextEquiv conf="0.9942315565912347">
          <Unicode>(Pro „Aggnoni“ leg. „Anagniae“). Peigné-Delacourt Cart. d&#x27;Ourscamp p. 303. —</Unicode>
        </TextEquiv>
      </TextLine>
      <TextLine id="eSc_line_14910593" custom="structure {type:default;}">
        <Coords points="802,795 802,821 961,823 963,823 965,823 967,823 974,817 983,810 1078,814 1263,821 1265,821 1268,821 1314,806 1314,788 1307,759 799,761 802,795"/>
        <Baseline points="802,795 1314,788"/>
        <TextEquiv conf="0.9996856373289357">
          <Unicode>„Fervor et integritas“.</Unicode>
        </TextEquiv>
      </TextLine>
      <TextLine id="eSc_line_04e06198" custom="structure {type:default;}">
        <Coords points="751,848 751,872 2715,867 2717,843 2713,808 2428,797 2425,797 2423,797 2421,797 2406,808 2401,810 2220,810 2204,808 2105,797 2103,797 2041,808 2032,808 2023,808 1937,797 1935,797 1933,797 1931,797 1913,808 1911,810 748,810 751,848"/>
        <Baseline points="751,848 2717,843"/>
        <TextEquiv conf="0.9893841369207516">
          <Unicode>12980 (8560) Ecclesiae S. Margaritae Elenfordesmerensis protectionem suscipit, bonaque</Unicode>
        </TextEquiv>
      </TextLine>
      <TextLine id="eSc_line_4976843f" custom="structure {type:default;}">
        <Coords points="229,856 229,883 406,870 406,850 402,801 338,786 335,786 227,806 229,856"/>
        <Baseline points="229,856 406,850"/>
        <TextEquiv conf="0.9993197917938232">
          <Unicode>„ 27.</Unicode>
        </TextEquiv>
      </TextLine>
      <TextLine id="eSc_line_f8478e23" custom="structure {type:default;}">
        <Coords points="539,876 609,878 612,863 612,832 541,814 539,863 539,876"/>
        <Baseline points="539,863 612,863"/>
        <TextEquiv conf="1.0">
          <Unicode>„</Unicode>
        </TextEquiv>
      </TextLine>
      <TextLine id="eSc_line_27b5dfe1" custom="structure {type:default;}">
        <Coords points="797,905 797,936 2713,931 2715,896 2708,867 795,872 797,905"/>
        <Baseline points="797,905 2715,896"/>
        <TextEquiv conf="0.9995122853713699">
          <Unicode>ac privilegia confirmat, petente Gerelmo priore. Rymer Foedera I. 43, Migne 200</Unicode>
        </TextEquiv>
      </TextLine>
      <TextLine id="eSc_line_4cc22f29" custom="structure {type:default;}">
        <Coords points="795,958 795,984 1610,978 1610,958 1610,929 795,929 795,958"/>
        <Baseline points="795,958 1610,958"/>
        <TextEquiv conf="0.9993843401179594">
          <Unicode>p. 1156. — „Preces et petitiones“.</Unicode>
        </TextEquiv>
      </TextLine>
      <TextLine id="eSc_line_a1dad38c" custom="structure {type:default;}">
        <Coords points="748,1013 748,1037 2713,1031 2715,1007 2710,976 2065,965 2063,965 2061,965 2059,965 2039,976 771,969 768,969 766,969 746,978 748,1013"/>
        <Baseline points="748,1013 2715,1007"/>
        <TextEquiv conf="0.998526165431196">
          <Unicode>12981 (8561) Roberto de Cheddeleswurd clerico asserit „quatuor idas terrae in Cheddeles-</Unicode>
        </TextEquiv>
      </TextLine>
      <TextLine id="eSc_line_a70e5ff9" custom="structure {type:default;}">
        <Coords points="229,1020 229,1055 346,1071 349,1071 351,1071 408,1046 408,1013 402,969 227,973 229,1020"/>
        <Baseline points="229,1020 408,1013"/>
        <TextEquiv conf="0.9812084197998047">
          <Unicode>„ 28.</Unicode>
        </TextEquiv>
      </TextLine>
      <TextLine id="eSc_line_6f903970" custom="structure {type:default;}">
        <Coords points="532,1029 536,1073 620,1048 620,1024 616,976 528,971 532,1029"/>
        <Baseline points="532,1029 620,1024"/>
        <TextEquiv conf="0.9999998807907104">
          <Unicode>„</Unicode>
        </TextEquiv>
      </TextLine>
      <TextLine id="eSc_line_678f3f1f" custom="structure {type:default;}">
        <Coords points="802,1066 802,1093 2715,1093 2715,1066 2715,1037 802,1037 802,1066"/>
        <Baseline points="802,1066 2715,1066"/>
        <TextEquiv conf="0.9947550425046607">
          <Unicode>wurd a monachis de Abbendon concessas“. Rymer Foedera I. 43, Migne 200 p. 1156.</Unicode>
        </TextEquiv>
      </TextLine>
      <TextLine id="eSc_line_4ed8bf5c" custom="structure {type:default;}">
        <Coords points="797,1119 795,1139 1537,1152 1542,1124 1539,1093 797,1082 797,1119"/>
        <Baseline points="797,1119 1542,1124"/>
        <TextEquiv conf="0.9935947395861149">
          <Unicode>— „Iustis petentium desideriis“.</Unicode>
        </TextEquiv>
      </TextLine>
      <TextLine id="eSc_line_ee52803a" custom="structure {type:default;}">
        <Coords points="748,1181 748,1203 2715,1194 2717,1172 2713,1141 2582,1128 2580,1128 2578,1128 2576,1128 2556,1141 2271,1141 2240,1128 2238,1128 2235,1128 2233,1128 2207,1141 2187,1141 1917,1130 1915,1130 1913,1130 1884,1141 1847,1130 1844,1130 1842,1130 1787,1141 1732,1130 1729,1130 1727,1130 1701,1143 1699,1143 1643,1143 1332,1132 1330,1132 1327,1132 1305,1143 1303,1146 746,1146 748,1181"/>
        <Baseline points="748,1181 2717,1172"/>
        <TextEquiv conf="0.9952938265578691">
          <Unicode>12982 Magistro militiae Calatravensis mandat, ut sicut abbates Cistercienses archiepi-</Unicode>
        </TextEquiv>
      </TextLine>
      <TextLine id="eSc_line_acb87a18" custom="structure {type:default;}">
        <Coords points="229,1183 229,1205 408,1199 408,1177 402,1137 227,1139 229,1183"/>
        <Baseline points="229,1183 408,1177"/>
        <TextEquiv conf="1.0">
          <Unicode>„ 29.</Unicode>
        </TextEquiv>
      </TextLine>
      <TextLine id="eSc_line_65ad31ab" custom="structure {type:default;}">
        <Coords points="536,1188 534,1210 572,1225 574,1225 576,1225 578,1225 612,1212 614,1192 616,1097 541,1079 536,1188"/>
        <Baseline points="536,1188 614,1192"/>
        <TextEquiv conf="0.9998551607131958">
          <Unicode>„</Unicode>
        </TextEquiv>
      </TextLine>
      <TextLine id="eSc_line_a250bda7" custom="structure {type:default;}">
        <Coords points="795,1234 795,1254 2452,1247 2454,1227 2450,1199 2043,1188 2041,1188 1904,1199 1895,1199 1866,1199 1387,1190 1385,1190 1383,1190 1347,1201 1343,1203 793,1203 795,1234"/>
        <Baseline points="795,1234 2454,1227"/>
        <TextEquiv conf="0.9887304486650409">
          <Unicode>scopo Toletano obediat. Neues Archiv VI. 296. — „Cum sis ordinem“.</Unicode>
        </TextEquiv>
      </TextLine>
      <TextLine id="eSc_line_ee826c1c" custom="structure {type:default;}">
        <Coords points="194,1287 194,1331 413,1331 413,1287 413,1249 194,1238 194,1287"/>
        <Baseline points="194,1287 413,1287"/>
        <TextEquiv conf="0.9998840838670731">
          <Unicode>Febr. 5.</Unicode>
        </TextEquiv>
      </TextLine>
      <TextLine id="eSc_line_f8052277" custom="structure {type:default;}">
        <Coords points="746,1287 746,1311 2717,1309 2719,1283 2713,1243 744,1252 746,1287"/>
        <Baseline points="746,1287 2719,1283"/>
        <TextEquiv conf="0.9875278531769176">
          <Unicode>12983 Ad Theobaldum abbatem et fratres S. Crispini de Cavea Suessionenses scribit</Unicode>
        </TextEquiv>
      </TextLine>
      <TextLine id="eSc_line_540a8115" custom="structure {type:default;}">
        <Coords points="530,1296 528,1318 558,1336 561,1336 563,1336 625,1320 627,1302 629,1256 578,1234 576,1234 574,1234 572,1234 532,1245 530,1296"/>
        <Baseline points="530,1296 627,1302"/>
        <TextEquiv conf="1.0">
          <Unicode>„</Unicode>
        </TextEquiv>
      </TextLine>
      <TextLine id="eSc_line_c0bafebe" custom="structure {type:default;}">
        <Coords points="799,1342 799,1366 2715,1364 2715,1342 2715,1311 799,1311 799,1342"/>
        <Baseline points="799,1342 2715,1342"/>
        <TextEquiv conf="0.9853175282478333">
          <Unicode>de torculari Vallis Radulfi aliisque. Coll. Baluze t. 73. f. 232b in bibl. nat. Paris.</Unicode>
        </TextEquiv>
      </TextLine>
      <TextLine id="eSc_line_46bd866a" custom="structure {type:default;}">
        <Coords points="799,1397 799,1428 2717,1422 2719,1393 2715,1362 797,1358 799,1397"/>
        <Baseline points="799,1397 2719,1393"/>
        <TextEquiv conf="0.9958381372339585">
          <Unicode>Misit Delisle; Chartul. S. Crispini ms. lat. 18372. f. 18“. — „Iustis petentium desi-</Unicode>
        </TextEquiv>
      </TextLine>
      <TextLine id="eSc_line_bce815b3" custom="structure {type:default;}">
        <Coords points="795,1455 795,1464 914,1481 916,1481 919,1481 978,1457 978,1448 972,1415 793,1419 795,1455"/>
        <Baseline points="795,1455 978,1448"/>
        <TextEquiv conf="0.999805323779583">
          <Unicode>deriis“.</Unicode>
        </TextEquiv>
      </TextLine>
      <TextLine id="eSc_line_344fd2d1" custom="structure {type:default;}">
        <Coords points="748,1508 748,1539 2721,1539 2721,1503 2715,1457 746,1464 748,1508"/>
        <Baseline points="748,1508 2721,1503"/>
        <TextEquiv conf="0.9964743687445858">
          <Unicode>12984 Abbati et fratribus S. Theoderici Remensis bullam dat. Neues Archiv VII. 103.</Unicode>
        </TextEquiv>
      </TextLine>
      <TextLine id="eSc_line_2bfb8ca3" custom="structure {type:default;}">
        <Coords points="410,1508 406,1470 344,1461 342,1461 340,1461 338,1461 338,1464 331,1468 320,1481 251,1481 231,1468 231,1512 234,1543 287,1519 340,1519 366,1534 373,1539 375,1539 377,1539 380,1539 382,1539 410,1530 410,1508"/>
        <Baseline points="231,1512 410,1508"/>
        <TextEquiv conf="0.9999808669090271">
          <Unicode>„ 8.</Unicode>
        </TextEquiv>
      </TextLine>
      <TextLine id="eSc_line_c61dcd4f" custom="structure {type:default;}">
        <Coords points="539,1521 539,1543 614,1532 614,1521 614,1481 539,1479 539,1521"/>
        <Baseline points="539,1521 614,1521"/>
        <TextEquiv conf="0.9999996423721313">
          <Unicode>„</Unicode>
        </TextEquiv>
      </TextLine>
      <TextLine id="eSc_line_aae18f22" custom="structure {type:default;}">
        <Coords points="797,1563 797,1585 950,1594 952,1594 954,1594 996,1583 1000,1581 1003,1583 1014,1592 1014,1594 1016,1594 1018,1594 1020,1594 1246,1576 1248,1559 1243,1530 795,1530 797,1563"/>
        <Baseline points="797,1563 1248,1559"/>
        <TextEquiv conf="0.9999683830473158">
          <Unicode>— „Pia desideria“.</Unicode>
        </TextEquiv>
      </TextLine>
      <TextLine id="eSc_line_7fdaf100" custom="structure {type:default;}">
        <Coords points="748,1618 748,1649 2715,1643 2717,1612 2713,1581 2169,1567 2167,1567 2056,1581 2045,1581 1979,1581 1405,1570 1402,1570 1343,1581 1332,1583 1319,1581 1270,1572 1268,1572 1224,1581 1212,1585 1078,1585 1071,1581 1053,1572 1051,1572 1049,1572 1047,1572 1027,1581 1022,1583 1016,1581 980,1572 978,1572 976,1572 746,1581 748,1618"/>
        <Baseline points="748,1618 2717,1612"/>
        <TextEquiv conf="0.9995476099706831">
          <Unicode>12985 Abbati et fratribus Glastoniensibus concedit, „ne cui liceat in eos sententiam</Unicode>
        </TextEquiv>
      </TextLine>
      <TextLine id="eSc_line_6e97c955" custom="structure {type:default;}">
        <Coords points="229,1620 229,1656 410,1647 410,1616 404,1570 227,1576 229,1620"/>
        <Baseline points="229,1620 410,1616"/>
        <TextEquiv conf="0.9772313833236694">
          <Unicode>„ 11.</Unicode>
        </TextEquiv>
      </TextLine>
      <TextLine id="eSc_line_5506ace7" custom="structure {type:default;}">
        <Coords points="532,1631 532,1660 620,1662 623,1631 623,1583 532,1574 532,1631"/>
        <Baseline points="532,1631 623,1631"/>
        <TextEquiv conf="1.0">
          <Unicode>„</Unicode>
        </TextEquiv>
      </TextLine>
      <TextLine id="eSc_line_fd052c62" custom="structure {type:default;}">
        <Coords points="799,1673 799,1698 2713,1691 2715,1669 2708,1640 797,1640 799,1673"/>
        <Baseline points="799,1673 2715,1669"/>
        <TextEquiv conf="0.997902466590146">
          <Unicode>suspensionis vel excommunicationis absque manifesta et rationabili causa proferre“.</Unicode>
        </TextEquiv>
      </TextLine>
      <TextLine id="eSc_line_b899c3d8" custom="structure {type:default;}">
        <Coords points="799,1729 799,1753 1942,1744 1944,1724 1939,1689 808,1687 806,1687 804,1687 802,1687 802,1689 799,1689 797,1689 799,1729"/>
        <Baseline points="799,1729 1944,1724"/>
        <TextEquiv conf="0.9999198680338652">
          <Unicode>Mon. Angl. nov. ed. I. 38. — „Cum deceat nos“.</Unicode>
        </TextEquiv>
      </TextLine>
      <TextLine id="eSc_line_5cf632bb" custom="structure {type:default;}">
        <Coords points="748,1782 748,1806 2715,1806 2717,1782 2715,1749 748,1744 748,1782"/>
        <Baseline points="748,1782 2717,1782"/>
        <TextEquiv conf="0.9899080839098954">
          <Unicode>12986 Canonicis Beverlacensibus privilegium dat. Ex ms. Cheltenhamensi 23875 saec.</Unicode>
        </TextEquiv>
      </TextLine>
      <TextLine id="eSc_line_e12205c7" custom="structure {type:default;}">
        <Coords points="231,1786 234,1810 291,1793 329,1799 388,1808 391,1808 393,1808 395,1808 395,1806 413,1786 413,1779 406,1737 229,1751 231,1786"/>
        <Baseline points="231,1786 413,1779"/>
        <TextEquiv conf="0.999994945526123">
          <Unicode>„ 14.</Unicode>
        </TextEquiv>
      </TextLine>
      <TextLine id="eSc_line_18a2598f" custom="structure {type:default;}">
        <Coords points="536,1793 534,1806 612,1808 616,1797 616,1733 539,1729 536,1793"/>
        <Baseline points="536,1793 616,1797"/>
        <TextEquiv conf="1.0">
          <Unicode>„</Unicode>
        </TextEquiv>
      </TextLine>
      <TextLine id="eSc_line_e3aac493" custom="structure {type:default;}">
        <Coords points="802,1837 802,1861 2328,1852 2330,1830 2326,1802 799,1799 802,1837"/>
        <Baseline points="802,1837 2330,1830"/>
        <TextEquiv conf="0.9999950575450111">
          <Unicode>XII. —XV. Dedit F. Liebermann. — „Iustis petentium desideriis“-</Unicode>
        </TextEquiv>
      </TextLine>
      <TextLine id="eSc_line_6eecdcc7" custom="structure {type:default;}">
        <Coords points="751,1892 751,1916 2710,1919 2715,1888 2710,1859 764,1850 762,1850 760,1850 757,1850 748,1855 751,1892"/>
        <Baseline points="751,1892 2715,1888"/>
        <TextEquiv conf="0.9952066713068859">
          <Unicode>12987 Monasterii Savigneiensis possessiones quoquam modo alienari vetat. (Cf. notam</Unicode>
        </TextEquiv>
      </TextLine>
      <TextLine id="eSc_line_fddee317" custom="structure {type:default;}">
        <Coords points="231,1896 231,1925 408,1910 408,1888 402,1846 227,1848 231,1896"/>
        <Baseline points="231,1896 408,1888"/>
        <TextEquiv conf="0.9999999523162841">
          <Unicode>„ 18.</Unicode>
        </TextEquiv>
      </TextLine>
      <TextLine id="eSc_line_c5d68702" custom="structure {type:default;}">
        <Coords points="532,1908 532,1932 625,1932 625,1903 618,1848 528,1859 532,1908"/>
        <Baseline points="532,1908 625,1903"/>
        <TextEquiv conf="1.0">
          <Unicode>„</Unicode>
        </TextEquiv>
      </TextLine>
      <TextLine id="eSc_line_30e70fef" custom="structure {type:default;}">
        <Coords points="799,1949 799,1974 2713,1969 2715,1943 2710,1912 2083,1901 2081,1901 2079,1901 2076,1901 2063,1912 843,1905 841,1905 839,1905 797,1916 799,1949"/>
        <Baseline points="799,1949 2715,1943"/>
        <TextEquiv conf="0.9901231875022253">
          <Unicode>ad Ian. 23.) Cart. de Savigny s. XIII. f. 158“ in Arch. dép. de la Manche in St.-Lo.</Unicode>
        </TextEquiv>
      </TextLine>
      <TextLine id="eSc_line_caf36601" custom="structure {type:default;}">
        <Coords points="802,2002 802,2022 1544,2022 1544,2002 1544,1972 802,1972 802,2002"/>
        <Baseline points="802,2002 1544,2002"/>
        <TextEquiv conf="0.9971653614193201">
          <Unicode>— „Iustis petentium desideriis“.</Unicode>
        </TextEquiv>
      </TextLine>
      <TextLine id="eSc_line_ee594c2a" custom="structure {type:default;}">
        <Coords points="748,2058 748,2082 2719,2073 2719,2051 2713,2011 746,2020 748,2058"/>
        <Baseline points="748,2058 2719,2051"/>
        <TextEquiv conf="0.9988205519067236">
          <Unicode>12988 (8380) Interdicti sententiam ab archiepiscopo Narbonensi et episcopo Elenensi</Unicode>
        </TextEquiv>
      </TextLine>
      <TextLine id="eSc_line_8eb17860" custom="structure {type:default;}">
        <Coords points="236,2060 236,2082 410,2080 410,2053 404,2000 234,2007 236,2060"/>
        <Baseline points="236,2060 410,2053"/>
        <TextEquiv conf="0.9999996900558472">
          <Unicode>„ 20.</Unicode>
        </TextEquiv>
      </TextLine>
      <TextLine id="eSc_line_8d1ae990" custom="structure {type:default;}">
        <Coords points="517,2071 517,2080 620,2091 623,2071 623,2011 517,1989 517,2071"/>
        <Baseline points="517,2071 623,2071"/>
        <TextEquiv conf="1.0">
          <Unicode>„</Unicode>
        </TextEquiv>
      </TextLine>
      <TextLine id="eSc_line_a866dfb6" custom="structure {type:default;}">
        <Coords points="799,2113 799,2144 2715,2135 2717,2104 2710,2075 797,2082 799,2113"/>
        <Baseline points="799,2113 2717,2104"/>
        <TextEquiv conf="0.9999904901516147">
          <Unicode>prolatam in abbatem Canigonensem, subesse abbati Crassensi nolentem, probat. Mahul</Unicode>
        </TextEquiv>
      </TextLine>
      <TextLine id="eSc_line_fc77e6da" custom="structure {type:default;}">
        <Coords points="799,2164 797,2188 2710,2192 2715,2168 2713,2133 799,2131 799,2164"/>
        <Baseline points="799,2164 2715,2168"/>
        <TextEquiv conf="0.9998947462917845">
          <Unicode>Cart. de Carcassonne II. 254; Marca Marca Hispanica p. 1331, Aguirre Conc. V. 77,</Unicode>
        </TextEquiv>
      </TextLine>
      <TextLine id="eSc_line_e9cc6c67" custom="structure {type:default;}">
        <Coords points="802,2223 802,2245 2715,2243 2717,2219 2713,2188 799,2184 802,2223"/>
        <Baseline points="802,2223 2717,2219"/>
        <TextEquiv conf="0.9895688203664926">
          <Unicode>Mansi XXI. 1060, Migne 200 p. 1041 perperam habent: „kal. Mart.“ Sane „X. kal.</Unicode>
        </TextEquiv>
      </TextLine>
      <TextLine id="eSc_line_091c35b7" custom="structure {type:default;}">
        <Coords points="802,2276 802,2301 2717,2298 2717,2276 2717,2245 802,2243 802,2276"/>
        <Baseline points="802,2276 2717,2276"/>
        <TextEquiv conf="0.9934994633807692">
          <Unicode>Mart.“, quod Mahul I. I. praebet, legendum esse, docet archetypus in bibl. nat. Paris.</Unicode>
        </TextEquiv>
      </TextLine>
      <TextLine id="eSc_line_b1f54c8d" custom="structure {type:default;}">
        <Coords points="795,2329 795,2354 2291,2349 2293,2325 2288,2296 793,2294 795,2329"/>
        <Baseline points="795,2329 2293,2325"/>
        <TextEquiv conf="0.9951949147507548">
          <Unicode>Coll. Baluze t. 380. n. 18 asservatus). — „Relatum est auribus“.</Unicode>
        </TextEquiv>
      </TextLine>
      <TextLine id="eSc_line_b1a3bfe6" custom="structure {type:default;}">
        <Coords points="234,2387 234,2424 410,2418 410,2380 404,2343 231,2345 234,2387"/>
        <Baseline points="234,2387 410,2380"/>
        <TextEquiv conf="1.0">
          <Unicode>„ 22.</Unicode>
        </TextEquiv>
      </TextLine>
      <TextLine id="eSc_line_0e1c4e5c" custom="structure {type:default;}">
        <Coords points="751,2387 751,2409 2713,2413 2715,2387 2715,2354 751,2345 751,2387"/>
        <Baseline points="751,2387 2715,2387"/>
        <TextEquiv conf="0.996259787054949">
          <Unicode>12989 Fratribus S. Audoeni Rotomagensis asserit ius in ecclesia S. Victoris de Caleto,</Unicode>
        </TextEquiv>
      </TextLine>
      <TextLine id="eSc_line_a96205b3" custom="structure {type:default;}">
        <Coords points="523,2400 523,2411 627,2420 629,2400 627,2345 523,2347 523,2400"/>
        <Baseline points="523,2400 629,2400"/>
        <TextEquiv conf="1.0">
          <Unicode>„</Unicode>
        </TextEquiv>
      </TextLine>
      <TextLine id="eSc_line_8acb9eef" custom="structure {type:default;}">
        <Coords points="802,2444 802,2464 2715,2460 2717,2438 2713,2404 859,2402 857,2402 799,2413 802,2444"/>
        <Baseline points="802,2444 2717,2438"/>
        <TextEquiv conf="0.9996002827371869">
          <Unicode>a b. m. Iohanne archiepiscopo concessum. Pommeraye Hist. de Labb. de St. Quen</Unicode>
        </TextEquiv>
      </TextLine>
      <TextLine id="eSc_line_7746781f" custom="structure {type:default;}">
        <Coords points="799,2497 802,2535 832,2524 2713,2524 2715,2491 2708,2460 797,2464 799,2497"/>
        <Baseline points="799,2497 2715,2491"/>
        <TextEquiv conf="0.9946195195702946">
          <Unicode>p. 450, cf. Coll. Moreau t. 80. f. 184 in bibl. nat. Paris. — „Iustis petentium desi-</Unicode>
        </TextEquiv>
      </TextLine>
      <TextLine id="eSc_line_f6ff50fc" custom="structure {type:default;}">
        <Coords points="797,2550 797,2570 923,2574 925,2574 927,2574 974,2559 974,2546 967,2510 795,2515 797,2550"/>
        <Baseline points="797,2550 974,2546"/>
        <TextEquiv conf="0.9999638423323631">
          <Unicode>deriis“.</Unicode>
        </TextEquiv>
      </TextLine>
      <TextLine id="eSc_line_544ea74c" custom="structure {type:default;}">
        <Coords points="751,2603 751,2627 2719,2625 2719,2599 2713,2561 748,2563 751,2603"/>
        <Baseline points="751,2603 2719,2599"/>
        <TextEquiv conf="0.9934301474515129">
          <Unicode>12990 Bullam edit de his, „qui fratres templi Hierosolymitani de suis equis deiiciunt</Unicode>
        </TextEquiv>
      </TextLine>
      <TextLine id="eSc_line_7c9c1d55" custom="structure {type:default;}">
        <Coords points="234,2608 234,2638 410,2627 413,2603 410,2559 397,2550 395,2550 393,2550 391,2550 231,2563 234,2608"/>
        <Baseline points="234,2608 413,2603"/>
        <TextEquiv conf="1.0">
          <Unicode>„ 24.</Unicode>
        </TextEquiv>
      </TextLine>
      <TextLine id="eSc_line_3d9b80bf" custom="structure {type:default;}">
        <Coords points="521,2619 521,2636 634,2632 634,2619 631,2557 521,2563 521,2619"/>
        <Baseline points="521,2619 634,2619"/>
        <TextEquiv conf="0.9994390606880188">
          <Unicode>„</Unicode>
        </TextEquiv>
      </TextLine>
      <TextLine id="eSc_line_4bb339cb" custom="structure {type:default;}">
        <Coords points="804,2661 804,2687 947,2687 950,2687 967,2698 969,2698 972,2698 974,2698 1095,2687 1117,2687 1420,2687 1429,2689 1444,2698 1447,2698 1449,2700 1915,2700 1915,2698 1917,2698 1935,2694 1964,2687 1990,2694 2003,2698 2006,2698 2008,2698 2034,2694 2085,2687 2284,2696 2341,2698 2344,2698 2355,2696 2401,2687 2474,2698 2485,2698 2487,2698 2501,2698 2602,2687 2715,2698 2717,2661 2717,2630 804,2630 804,2661"/>
        <Baseline points="804,2661 2717,2661"/>
        <TextEquiv conf="0.9947652665965528">
          <Unicode>aut inboneste tractant seu eos contumeliosis verbis afficiunt“. Prutz Malteser Urk.</Unicode>
        </TextEquiv>
      </TextLine>
      <TextLine id="eSc_line_7831ff17" custom="structure {type:default;}">
        <Coords points="797,2720 797,2744 958,2736 961,2716 956,2680 877,2669 874,2669 872,2669 870,2669 870,2672 859,2683 857,2685 795,2685 797,2720"/>
        <Baseline points="797,2720 961,2716"/>
        <TextEquiv conf="0.9999999205271403">
          <Unicode>p. 38.</Unicode>
        </TextEquiv>
      </TextLine>
      <TextLine id="eSc_line_953cd759" custom="structure {type:default;}">
        <Coords points="718,2817 718,2846 1062,2835 1062,2813 1058,2769 927,2753 925,2753 923,2753 879,2769 868,2771 846,2769 773,2756 771,2756 715,2767 718,2817"/>
        <Baseline points="718,2817 1062,2813"/>
        <TextEquiv conf="0.9695238411426544">
          <Unicode>1166—1178.</Unicode>
        </TextEquiv>
      </TextLine>
      <TextLine id="eSc_line_06af2d04" custom="structure {type:default;}">
        <Coords points="198,2870 196,2897 408,2901 413,2875 413,2824 329,2806 326,2806 324,2806 289,2817 276,2820 198,2813 198,2870"/>
        <Baseline points="198,2870 413,2875"/>
        <TextEquiv conf="0.9647968345218234">
          <Unicode>Mart. 15.</Unicode>
        </TextEquiv>
      </TextLine>
      <TextLine id="eSc_line_a605ad6f" custom="structure {type:default;}">
        <Coords points="748,2873 746,2895 2710,2899 2715,2877 2715,2835 2660,2820 2657,2820 2655,2820 2547,2833 2492,2820 2489,2820 2487,2820 2368,2833 2366,2833 2364,2833 2322,2820 2319,2820 2317,2820 2315,2820 2262,2833 2240,2820 2238,2820 2235,2820 2233,2820 2178,2831 1939,2820 1937,2820 1800,2833 1782,2833 1771,2833 1701,2820 1699,2820 1579,2831 1542,2820 1539,2820 1537,2820 1398,2831 1394,2831 1391,2831 1349,2817 1347,2817 1345,2817 1343,2817 1303,2831 1301,2831 1294,2831 1166,2817 1164,2817 1100,2831 1093,2831 748,2831 748,2873"/>
        <Baseline points="748,2873 2715,2877"/>
        <TextEquiv conf="0.999681434210609">
          <Unicode>12991 *petro abbati et fratribus Massiliensibus castrum de Sex-Furnis asserit. Trans-</Unicode>
        </TextEquiv>
      </TextLine>
      <TextLine id="eSc_line_4ba2e750" custom="structure {type:default;}">
        <Coords points="461,2877 461,2903 567,2917 570,2917 680,2899 680,2873 676,2817 459,2813 461,2877"/>
        <Baseline points="461,2877 680,2873"/>
        <TextEquiv conf="0.9973277375102043">
          <Unicode>Laterani</Unicode>
        </TextEquiv>
      </TextLine>
      <TextLine id="eSc_line_87166215" custom="structure {type:default;}">
        <Coords points="802,2934 802,2959 2710,2954 2713,2930 2706,2897 2121,2899 2118,2899 2094,2888 2092,2888 2090,2888 2034,2899 2030,2899 2028,2899 1999,2888 1997,2888 1995,2888 1992,2888 1961,2899 1959,2899 1957,2899 1891,2888 1889,2888 1886,2888 1842,2899 1840,2899 1782,2888 1780,2888 1778,2888 1754,2901 1752,2901 1747,2901 1718,2890 1716,2890 1714,2890 1628,2901 1619,2901 1612,2901 1570,2890 1568,2890 1566,2890 1564,2890 1542,2901 1533,2901 1422,2890 1420,2890 1356,2901 1354,2901 1352,2901 1146,2890 1144,2890 1142,2890 1117,2903 958,2903 872,2890 870,2890 799,2903 802,2934"/>
        <Baseline points="802,2934 2713,2930"/>
        <TextEquiv conf="0.9959646428332609">
          <Unicode>actionem cum filiis Raimundi de Gaufrido, Massiliensis vicecomitis, factam confirmat.</Unicode>
        </TextEquiv>
      </TextLine>
      <TextLine id="eSc_line_5600d943" custom="structure {type:default;}">
        <Coords points="799,2983 797,3003 1489,3007 1493,2987 1491,2954 799,2941 799,2983"/>
        <Baseline points="799,2983 1493,2987"/>
        <TextEquiv conf="0.9823610405127208">
          <Unicode>Coll. des Cartulaires IX. 263.</Unicode>
        </TextEquiv>
      </TextLine>
      <TextLine id="eSc_line_ebf36cc1" custom="structure {type:default;}">
        <Coords points="198,3038 198,3071 415,3071 415,3034 410,2994 196,2992 198,3038"/>
        <Baseline points="198,3038 415,3034"/>
        <TextEquiv conf="0.9999890774488449">
          <Unicode>Iul. 13.</Unicode>
        </TextEquiv>
      </TextLine>
      <TextLine id="eSc_line_20c6530d" custom="structure {type:default;}">
        <Coords points="751,3043 751,3065 2713,3062 2715,3038 2710,3005 1752,2994 1749,2994 1648,3005 1639,3007 748,3007 751,3043"/>
        <Baseline points="751,3043 2715,3038"/>
        <TextEquiv conf="0.9996939308759643">
          <Unicode>12992 Compositionem ab archiepiscopo Turonensi et abbate Cormeriacensi factam con-</Unicode>
        </TextEquiv>
      </TextLine>
      <TextLine id="eSc_line_9e0d9c49" custom="structure {type:default;}">
        <Coords points="534,3058 534,3076 631,3076 631,3058 631,3014 600,3001 598,3001 596,3001 594,3001 534,3016 534,3058"/>
        <Baseline points="534,3058 631,3058"/>
        <TextEquiv conf="0.9999995231628418">
          <Unicode>„</Unicode>
        </TextEquiv>
      </TextLine>
      <TextLine id="eSc_line_2a5a8200" custom="structure {type:default;}">
        <Coords points="802,3098 802,3122 2708,3127 2713,3091 2708,3062 799,3060 802,3098"/>
        <Baseline points="802,3098 2713,3091"/>
        <TextEquiv conf="0.9967588028275823">
          <Unicode>firmat. Ex chart. capit. Turon. p. 73 in Arch. d&#x27;Indre et Loire in Tours. Misit De-</Unicode>
        </TextEquiv>
      </TextLine>
      <TextLine id="eSc_line_6cf947ce" custom="structure {type:default;}">
        <Coords points="802,3151 802,3171 1469,3166 1471,3146 1464,3115 799,3118 802,3151"/>
        <Baseline points="802,3151 1471,3146"/>
        <TextEquiv conf="0.9971355464723375">
          <Unicode>lisle. — „Mota iam pridem“.</Unicode>
        </TextEquiv>
      </TextLine>
      <TextLine id="eSc_line_fe47e02b" custom="structure {type:default;}">
        <Coords points="753,3204 753,3230 2715,3228 2715,3204 2715,3171 753,3171 753,3204"/>
        <Baseline points="753,3204 2715,3204"/>
        <TextEquiv conf="0.9986502265646344">
          <Unicode>12993 Fratribus de Curia-dei concedit, ut monasterii caput ad locum Bruvillar trans-</Unicode>
        </TextEquiv>
      </TextLine>
      <TextLine id="eSc_line_adf2542f" custom="structure {type:default;}">
        <Coords points="234,3206 234,3239 419,3228 419,3206 419,3171 234,3168 234,3206"/>
        <Baseline points="234,3206 419,3206"/>
        <TextEquiv conf="0.9999991416931152">
          <Unicode>„ 21.</Unicode>
        </TextEquiv>
      </TextLine>
      <TextLine id="eSc_line_4843c0d9" custom="structure {type:default;}">
        <Coords points="534,3217 532,3230 570,3241 572,3241 574,3241 576,3241 627,3226 629,3221 629,3171 536,3162 534,3217"/>
        <Baseline points="534,3217 629,3221"/>
        <TextEquiv conf="1.0">
          <Unicode>„</Unicode>
        </TextEquiv>
      </TextLine>
      <TextLine id="eSc_line_62e8cde4" custom="structure {type:default;}">
        <Coords points="804,3255 802,3277 2710,3286 2715,3261 2713,3230 804,3224 804,3255"/>
        <Baseline points="804,3255 2715,3261"/>
        <TextEquiv conf="0.9988333682219187">
          <Unicode>ferant, „si diocesani et abbatis nec non et Cisterciensis et aliorum maiorum abbatum</Unicode>
        </TextEquiv>
      </TextLine>
      <TextLine id="eSc_line_ab430fe5" custom="structure {type:default;}">
        <Coords points="804,3310 802,3332 2710,3343 2715,3316 2713,3283 804,3277 804,3310"/>
        <Baseline points="804,3310 2715,3316"/>
        <TextEquiv conf="0.9985363767260597">
          <Unicode>ordinis super hoc assensum habere potuerint“. Iarry L&#x27;abbaye de la Cour-Dieu p. 185.</Unicode>
        </TextEquiv>
      </TextLine>
      <TextLine id="eSc_line_82dfd2b5" custom="structure {type:default;}">
        <Coords points="808,3363 806,3380 1100,3398 1102,3398 1389,3385 1391,3367 1389,3336 1115,3336 1113,3334 1104,3325 1104,3323 1102,3323 1100,3323 1098,3323 808,3330 808,3363"/>
        <Baseline points="808,3363 1391,3367"/>
        <TextEquiv conf="0.9983159487064068">
          <Unicode>— „Religiosis desideriis“.</Unicode>
        </TextEquiv>
      </TextLine>
      <TextLine id="eSc_line_b1d1760c" custom="structure {type:default;}">
        <Coords points="203,3416 201,3438 273,3456 276,3456 417,3442 419,3422 419,3387 203,3374 203,3416"/>
        <Baseline points="203,3416 419,3422"/>
        <TextEquiv conf="0.9999750682285854">
          <Unicode>Aug. 1.</Unicode>
        </TextEquiv>
      </TextLine>
      <TextLine id="eSc_line_688cac2d" custom="structure {type:default;}">
        <Coords points="755,3422 755,3445 1212,3456 1215,3456 2713,3440 2713,3416 2706,3378 753,3387 755,3422"/>
        <Baseline points="755,3422 2713,3416"/>
        <TextEquiv conf="0.9986494612403032">
          <Unicode>12994 Archipresbytero et magistro Hermanno, subdiacono suo, canonico ecclesiae Lu-</Unicode>
        </TextEquiv>
      </TextLine>
      <TextLine id="eSc_line_e946d59c" custom="structure {type:default;}">
        <Coords points="539,3438 543,3559 627,3564 625,3433 618,3392 534,3396 539,3438"/>
        <Baseline points="539,3438 625,3433"/>
        <TextEquiv conf="1.0">
          <Unicode>„</Unicode>
        </TextEquiv>
      </TextLine>
      <TextLine id="eSc_line_32b18ee0" custom="structure {type:default;}">
        <Coords points="808,3475 808,3506 2710,3506 2713,3471 2706,3440 806,3445 808,3475"/>
        <Baseline points="808,3475 2713,3471"/>
        <TextEquiv conf="0.9872044344966331">
          <Unicode>censis mandat, ut controversiam inter C. capellanum S. Iusti et G. capellanum S. Iohannis</Unicode>
        </TextEquiv>
      </TextLine>
      <TextLine id="eSc_line_f95dbbef" custom="structure {type:default;}">
        <Coords points="813,3528 810,3568 932,3573 996,3592 998,3592 1000,3592 1084,3573 1091,3573 1126,3575 1155,3575 1177,3592 1179,3592 1182,3592 1184,3592 1265,3581 1356,3590 1358,3590 1360,3590 1389,3577 1402,3573 1433,3579 1475,3586 1478,3586 1480,3586 1482,3586 1491,3579 1502,3573 1526,3579 1570,3592 1573,3592 1575,3592 1577,3592 1612,3581 1626,3577 1665,3581 1763,3595 1765,3595 1813,3584 1855,3575 2074,3575 2098,3586 2101,3586 2103,3586 2158,3575 2191,3590 2204,3595 2207,3595 2209,3597 2432,3597 2432,3595 2434,3595 2441,3592 2494,3575 2534,3595 2536,3595 2538,3595 2540,3597 2622,3597 2624,3533 2622,3500 813,3489 813,3528"/>
        <Baseline points="813,3528 2624,3533"/>
        <TextEquiv conf="0.9810472349577313">
          <Unicode>Feranensem diiudicent. Pflugk-Harttung Acta III. 262. — „Dilecti filii nostri“.</Unicode>
        </TextEquiv>
      </TextLine>
    </TextRegion>
    <TextRegion id="eSc_textblock_e3f2b137"  custom="structure {type:default;}">
      <Coords points="1299,176 1922,185 1931,271 954,271 980,185 1299,176"/>
      <TextLine id="eSc_line_3d0ee9a8" custom="structure {type:default;}">
        <Coords points="976,256 976,284 1902,276 1904,251 1902,203 1866,187 1864,187 1760,187 1758,187 1756,187 1754,187 1734,203 1734,205 1683,205 1646,205 1599,187 1597,187 1595,187 1592,187 1533,205 1473,205 1453,189 1451,189 1449,189 1447,189 1349,205 1319,189 1316,189 1314,189 1157,205 1146,196 1146,194 1144,194 1142,194 1040,189 1038,189 1036,189 974,207 976,256"/>
        <Baseline points="976,256 1904,251"/>
        <TextEquiv conf="0.9941496682167054">
          <Unicode>ALEXANDER III. 1159—1181.</Unicode>
        </TextEquiv>
      </TextLine>
    </TextRegion>
    <TextRegion id="eSc_textblock_cb4d8d20"  custom="structure {type:default;}">
      <Coords points="2598,185 2741,194 2759,262 2585,289 2558,229 2598,185"/>
      <TextLine id="eSc_line_870a6c83" custom="structure {type:default;}">
        <Coords points="2671,189 2649,187 2582,200 2587,253 2587,278 2710,282 2713,249 2710,198 2688,189 2671,189"/>
        <Baseline points="2587,253 2713,249"/>
        <TextEquiv conf="1.0">
          <Unicode>317</Unicode>
        </TextEquiv>
      </TextLine>
    </TextRegion>
  </Page>
</PcGts>
