3007 3975
273 203 397 300 318
810 357 1135 446 1171— 1178.
289 424 510 514 Mart. 10.
552 375 784 516 Tarenlant
846 412 2810 503 12995 M(anassis) decani et capituli Lingonensis ecclesias quasdam confirmat. In bibl.
899 494 2808 558 nat. Paris. Cartul. Lingonensi, ms. lat. 17100 s. XVIII. f. 7, (Neues Archiv VII. 100).
894 543 1643 609 — „Iustis petentium desideriis“.
324 591 503 677 „ 12.
616 627 724 677 „„
848 596 2810 666 12996 B. abbatissae Avennensi asserit altare Vallis Ursini, a capitulo Cameracensi sub
894 658 2803 724 annuo censu 21 solidorum concessum. In bibl. nat. Paris. Coll. Moreau 70. I. 89. —
897 715 1559 786 „Iustis petentium desideriis“.
813 783 1146 883 1174 1178.
289 859 505 954 lan. 9.
550 812 784 969 Aareniae
843 870 2808 947 12997 K(anuto), Sueorum regi, et B. comiti (Stephanum) archiepiscopum Upsalensem,
892 936 2808 995 episcopos et reliquum regni clerum commendat. Hortatur, ut tres villas Strom, Forne-
894 982 2805 1057 situne et Guazbro ecclesiae Upsalensi restituant. (Perperam Alexandro IV. ascribitur).
897 1042 2147 1101 Liliegren Dipl. Suec. I. 704. — „Quanto dono divini“.
311 1099 501 1168 „ 9.
629 1115 722 1163 „
846 1086 2810 1159 12998 Sacerdotes et alios clericos archiepiscopatus Upsalensis monet, ut „a comessatione
897 1152 2808 1214 et potatione indecenti contineant et episcopis obedientes et cooperatores ad corrigen-
892 1199 2808 1269 dam plebem existant“. Archiepiscopum singulis annis, cum ad eos accesserit, a duo-
892 1256 2810 1322 decim personis recipi vult. Alia addit. (Epistola perperam Alexandro IV. tribuitur.)
894 1318 2087 1375 Liliegren Dipl. Suec. I. 705. — „Cum divinis sitis“.
324 1355 503 1459 „ 10.
623 1371 720 1464 „
846 1366 2812 1433 12999 (8562) Compositionem de quibusdam possessionibus factam inter ecclesiam Ebora-
892 1428 2799 1488 censem et monasterium S. Petri Glocestriense confirmat. Wilkins Conc. I. 437. —
897 1472 1356 1548 „Ad aures nostras“.
320 1523 503 1605 „ 12.
629 1543 720 1614 „
848 1530 2812 1598 13000 Fratres S. Germani de Pratis Parisienses a quoquam, nisi Romano pontifice vel
897 1590 2810 1651 legato eius, excommunicari vel interdici vetat, petente Hug(one) abbate. Autogr. in
892 1651 2251 1709 tabul. nat. Paris. L. 231 n. 63. — „Quanto monasterium“.
324 1687 503 1768 „ 20.
625 1696 722 1819 „
843 1689 2808 1764 13000a Monasterio Clarevallensi grangiam de Valleria asserit, petente Transmundo ab-
890 1755 2509 1815 bate. Pflngk-Harttung Acta III. 260. — „Iustis petentium desideriis“.
320 1797 503 1879 „ 29.
631 1802 720 1881 „
843 1804 2812 1877 13001 Ursoni de Ronta asserit ecclesiae S. Silvestri patronatum, a canonicis Termula-
892 1868 2810 1925 nensibus vindicatum, sed a Petro, presbytero card. tit. S. Susannae, in itinere Vene-
894 1914 2805 1987 tiano per Termulam transiente, ei adiudicatum. Pflugk-Harttung Acta III. 261 —
892 1969 1425 2040 „Ex autentico scripto“.
289 1994 505 2095 Febr. 5.
627 2022 718 2100 „
843 2016 2810 2093 13002 Hospitalem domum et capellam ad honorem Dei et b. lohannis et gloriosi mar-
894 2086 2808 2148 tyris Thomae, quondam Cantuariensis archiepiscopi, in capito pontis de Stanford a
897 2135 2808 2208 Brandone conditas, tuendas suscipit et earum possessiones confirmat. Monast. Angl.
894 2192 1811 2259 nov. ed. VII. 638. — „Dignum est et“.
324 2241 508 2325 „ 22.
629 2237 720 2334 „
843 2243 2808 2309 13003 (Everardo), Tornacensi, et electo Cameracensi episcopis mandat, curent, ne a
890 2294 2808 2362 canonicis S. Iohannis Valentianensibus decimae de novalibus, quae propriis manibus
897 2358 2799 2420 vel sumptibus colant, extorqueantur. In bibl. nat. Paris. Coll. Moreau 70. f. 237. —
894 2415 1467 2468 „Ex parte canonicorum“.
320 2455 503 2548 „ 25.
620 2457 722 2555 „
846 2457 2801 2532 13004 (8563) (Hugoni) episcopo Terracinensi mandat, inducat homines Terracinenses,
897 2519 2803 2583 ut quas „contra interdictum bonae memoriae Rainaldi“ abbatis Casinensis compara-
897 2574 2801 2638 verint, possessiones ecclesiae S. Stephani de Montanis, monasterio Casinensi subiec-
890 2627 2801 2689 tae, restituant. Tosti St. di Montec. II. 205, Migne 200 p. 1157. — „Significavit nobis“.
320 2676 503 2771 „ 26.
627 2691 715 2767 „
846 2685 2803 2749 13005 * Monasterio S. lohannis Senonensi donatas a Willelmo archiepiscopo possessiones
892 2731 2063 2817 confirmat. Quantin Cart. gén. de l'Vonne II. 239.
808 2813 1126 2910 1176. 1178.
280 2831 510 3001 Pdr 1o.
545 2820 784 2987 taartrr
839 2890 2803 2963 13006 (Bartholomaeo) Turonensi, apostolicae sedis legato, et (Rotroco) Rothomagensi
890 2956 2801 3018 archiepiscopis eorumque suffraganeis mandat, ne a fratribus Savigneiensibus, sicut ab
892 3003 2797 3078 aliis ordinis Cisterciensis monachis, decimas exigi patiantur. (Verba „ap. sed. legato“
892 3060 2801 3127 non ad Ioscium, a. 1174 mortuum, sed ad Bartholomaeum referantur oportet). Cart. de
890 3120 2799 3180 Savigny s. XIII. f. 159 in Arch. dép. de la Manche in St.Lo. — „Audivimus et audientes“.
322 3142 505 3252 „ 23.
625 3162 715 3292 „
843 3171 2801 3239 13007 (8565) P(etro) abbati et capitulo Casinensi concedit, „ut pro rebus, quas ad opus
892 3228 2801 3292 monasterii apud civitatem Beneventanam aliquando comparent, vel faciant comparari,
892 3283 2801 3350 nil aliquo tempore pro passagio vel plateatico requiratur“. Gattulae Hist. Cas. p. 337,
897 3339 2792 3411 Tosti St. di Montec. II. 207, Margarini Bull. Cas. II. 196, Migne 200 p. 1158. —
890 3389 1356 3458 „Fervor devotionis“.
320 3440 508 3601 „**
623 3447 711 3595 „
843 3440 2803 3515 13008 Decano et capitulo Burdegalensi collatam a Willelmo archiepiscopo ecclesiam S. Eu-
892 3504 2799 3612 laliae comnfrmat. Archiwes hist. de la Gironde IX. S. — „Iustis petentium desideriis.
1080 198 1997 300 ALEXANDER III. 1159—1181
