3007 3975
673 326 2651 426 1178. (Ind. 11. — 25. Sept. — 12, pont. a. 19. — 20. Sept. — 20, 1177. — 25. Mart. — 1178.)
159 452 371 532 lan. 4.
415 450 647 578 Anagniae
702 446 2677 527 13009 (8566) Monasterii Salemensis patrocinium suscipit, possessionesque et privilegia
755 518 2677 580 confirmat, petente Christiano abbate. Wirtemberg. Urkundenb. II. 187, Weech Cod.
753 574 2023 638 dipl. Salemit. p. 35. — „Religiosam vitam eligentibus“.
187 620 371 695 „ 13.
494 633 583 702 „
707 627 2677 691 13010 Ecclesiae S. Mariae et S. Theobaldi Metensis tutelam suscipit et possessiones
757 684 2671 744 confirmat, petente Hugone praeposito. Histoire de Metz III. Preuves p. 131. —
755 735 1212 797 „Ideo sumus, licet“.
185 786 366 854 „ 14.
494 781 585 903 „
704 783 2677 852 13011 Civitatis Castellanae tutelam suscipit bonaque confirmat, ea tamen lege, ut „per
757 850 2675 907 singulos focos“ denarius unus Lucensis monetae in festivitate SS. Petri et Pauli La-
757 896 2675 965 teranensi palatio annuatim persolvatur. (Signa chronologica sunt corrupta.) Muzi
760 962 2211 1018 Mem. civili di Città di Castello I. 15. — („Cum ex iniuncto“).
192 995 366 1082 „ 23.
492 1022 587 1128 „
704 1002 2675 1073 13012 (8567) Ecclesiae S. Mariae de Reno protectionem suscipit, possessionesque ac
755 1066 2673 1128 iura, petente Geraldo abbate, confirmat. Trombelli Mem. di Reno p. 373, Migne 200
753 1124 1875 1181 p. 1159, (Bull. Lat. p. 47). — „Cum nobis sit“.
190 1166 362 1243 „ 26.
490 1181 585 1298 „
704 1177 2675 1238 13013 (8568) Monasterium Eberbacense tuendum suscipit et eius bona ac iura con-
753 1232 2668 1296 firmat, petente Arnoldo abbate. Wenck Hess. Landesg. II. Urk. p. 109, Rossel
757 1287 2675 1347 Urkundenb. v. Eberbach I. 61, Migne 200 p. 1160. — „Religiosam vitam eligentibus“.
187 1329 364 1461 „ 27.
490 1338 583 1464 „
707 1338 2675 1404 13014 Universis episcopis Scotiae mandat, ne a fratribus Cisterciensibus de terris, „quas
755 1397 2668 1466 propriis manibus aut sumptibus excolant, sive sint propriae, sive ab aliis ipsas teneant“,
751 1455 2668 1517 decimas exigi patiantur, etiamsi Vivianus, pr. card. tit. S. Stephani in Celio monte,
751 1508 2671 1567 legatus apostolicus, statuerit, ut de terris, „quas teneant ab aliis et laborent“, deci-
753 1565 2673 1625 mas solverent. Concilia Scotiae ed. Robertson p. CCXLV, Haddan and Stubbs Con-
748 1616 1780 1684 cils II. I. 248. — „Insinuatum est auribus“.
185 1660 366 1746 „ 30.
486 1660 574 1735 „
702 1665 2671 1735 13015 (8569) Petro abbati et capitulo Casinensi restituit tabulam auream („mirificum
751 1724 2668 1795 et deliciosum opus“), a V(iviano), (al M(anfredo]), quondam episcopo Praenestino,
751 1786 2671 1850 de monasterio comparatam, sibique legatam; vetatque eam quoquomodo alienari.
753 1835 2664 1905 Margarini Bull. Cas. II. 185, Petrini Mem. Pren. p. 403, Migne 200 p. 1161. —
748 1888 1197 1956 „Bonae memoriae“.
132 1925 364 2022 lan.-Febr.
477 1934 581 2025 („)
700 1938 2668 2011 13016 Dominos Cavenses ad bellum hominibus de Roiata, Romanae ecclesiae inimicis,
748 2005 2443 2060 inferendum adducit. Loewenfeld Epistolae p. 150. — „Quanto nobis et“.
156 2042 371 2120 („ „)
470 2044 583 2170 („)
702 2055 2673 2117 13017 (Philippo) Coloniensi et (Wichmanno) Magdeburgensi archiepiscopis et Conrado
746 2113 2668 2173 electo Wormatiensi ac Wortwino, imperialis aulae protonotario, nuntiat, T. medicum
748 2170 2668 2232 „pro omni suspicione de medio tollenda“ ad F(ridericum) imperatorem missum esse;
751 2230 2668 2290 quem ut ad promissa exsolvenda pacemque observandam commoneant, hortatur.
748 2272 1995 2345 Loewenfeld Epistolae p. 150. — „A memoria nostra“.
163 2314 353 2415 („ „)
470 2318 578 2429 („)
698 2329 2664 2398 13018 Universis ecclesiarum praelatis T. medicum ad Fridericum imperatorem destinatum
746 2387 2291 2446 commendat. Loewenfeld Epistolae p. 151. — „Dilectum filium T'.“
156 2420 353 2524 („ „)
475 2415 581 2544 („)
698 2438 2664 2513 13019 F(riderico) imperatori scribit, quae de suo erga Lombardos et Graecos studio
748 2499 2664 2557 nuntientur, a pacis hostibus ementita esse. Causam suam a T. medico expositum iri.
748 2550 2664 2612 Contra Graecos, imperii fines et ex parte S. Petri patrimonium invadentes, sese ad
748 2610 2660 2672 R(ogerium) comitem Andriae et Tancredum comitem (Licii), regium consobrinum,
751 2665 2664 2722 magistros iusticiarios et magnos comestabulos Apuliae et Terrae Laboris, scripta
748 2718 2662 2775 destinasse, qui „statim universos, qui de terra W(illelmi) Siciliae regis ad solidum
751 2771 2664 2833 illorum perrexissent, sub pena personarum et rerum omnium suarum ab eorundem
751 2824 2664 2886 Graecorum auxilio revocassent“. Addit, cum esset Venetiis, Marchiam „ex parte
748 2877 2662 2945 ad imperium et ex maxima parte ad ecclesiam spectantem“, indigno cuidam homini
751 2932 2660 2998 (Conrado de Luetzelhard) assignatam esse. Imperatorem hortatur, ut quae promiserit
748 2994 2660 3051 compleat pacemque observet; honorem eius et imperii sibi semper cordi esse. Loewen-
748 3043 2660 3113 feld Epistolae p. 153; cf. Forsch. z. deutschen Gesch. XXV. 453. — „Imperatoriam
744 3100 1073 3164 excellentiam“.
156 3104 353 3274 („ „)
468 3115 583 3279 („)
695 3135 2660 3215 13020 Archiepiscopis, episcopis, abbatibus et aliis praelatis Antiochenae ecclesiae sub-
751 3213 2660 3270 iectis praecipit, ne a Boemundo principe occasione affinitatis, quae contracta sit inter
748 3263 2660 3321 eum et Manuelem imperatorem, ecclesiam Antiochenam submitti Constantinopolitanae
753 3310 2655 3378 patiantur. Mandat, ut (Aimerico) patriarchae Antiocheno ad resistendum auxilium
751 3372 2655 3440 impendant, sed „eidem nihilominus resistant, si ad hoc ipsum aliquando flecteretur“.
748 3427 2655 3484 Curent, ne castrum Cursarium „ecclesiae Antiochenae utilitatibus depereat“. Loewen-
751 3471 2653 3584 feld Epistolae p. 164; ef. Forsch. z. deutschen Gesch. XXV. 456. — „Si matri tenemur“.
934 167 1864 260 ALEXANDER III. 1159—1181.
2547 178 2677 265 319
