3007 3975
289 185 417 282 320
832 333 2808 432 1178. (Ind. 11. — 25. Sept. — 12, pont. a. 19. — 20. Sept. — 20, 1177. — 25. Mart. — 1178.)
304 406 528 492 Febr. 4.
572 415 806 494 Anagniae
861 419 2834 479 13021 Monasterii S. Vincentii Metensis protectionem suscipit bonaque confirmat, petente
921 474 2772 541 Willelmo abbate. Hist. de Metz III. Preuves p. 132. — „Etsi communi debito“.
340 518 521 616 „ 7.
653 534 742 627 „
866 527 2830 598 13022 (8570) Ecclesiam S. Mariae Augiensem tuendam suscipit, et eius bona ac iura,
919 591 2834 658 petente Lothario praeposito, confirmat. Bull. Lat. Appendix p. 1, cf. Lang Regesta
916 640 1683 704 I. 300. — „Quoniam sine vero“.
338 693 519 786 „ 7.
642 684 746 779 „
863 686 2836 755 13023 (8564) G(irardo Pucellae) magistro concedit, „ut usque ad quadriennium, si scolas
914 753 2832 810 rexerit, reditus, quos habeat in Anglia, libere ei et sine diminutione reddantur in
916 810 2834 870 scolis; . . . . neu cogatur infra terminum ipsum scolas dimittere, nisi alicui ec-
914 859 2830 927 clesiae, in qua personatum vel magnum beneficium habeat, ea necessitas imminuerit,
916 916 2830 978 quod suam illi debeat praesentiam et patrocinium exhibere“. Duchesne H. Fr. SS.
919 965 2834 1035 IV. 561, Bouquet Rec. XV. 953, Mansi XXI. 963, Migne 200 p. 1157, cf. infra
916 1029 1915 1082 epist. 13032. — „Attendentes literaturam“.
329 1007 523 1161 „ „
645 1082 744 1168 „
866 1075 2836 1146 13024 Novi monasterii Pictaviensis tutelam suscipit, possessionesque et privilegia con-
916 1135 2832 1194 firmat, petente Helia abbate. In bibl. nat. Paris. ms. lat. 18394. (Dom Fonteneau
916 1190 2072 1247 XIX.) f. 71. — „Ad nos (pone: hoc) universalis“.
342 1238 525 1309 „ 13.
642 1232 748 1311 „
863 1236 2832 1311 13025 Rogerii magistri fratrumque xenodochii Hierosolymitani patrocinium suscipit,
914 1289 2832 1366 bonaque et iura confirmat. („XVII. kal. Mart.“). In bibl. Paris. ms. lat. 9001. f. 47.
914 1353 1601 1419 — „Christianae fidei religio“.
340 1406 525 1472 „ 15.
640 1397 744 1488 „
863 1406 2836 1468 13026 Monasterium S. Humberti de Ardenna tuendum suscipit, eiusque possessiones et
916 1468 2834 1534 privilegia, petente Conone abbate, confirmat. In bibl. nat. Paris. Coll. Moreau t. 81.
912 1512 1738 1585 f. 163. — „Quotiens illud a nobis“.
340 1550 523 1654 „ 21.
647 1572 740 1654 „
866 1574 2836 1634 13027 Monasterii S. Heliae Fallerensis patrocinium suscipit, possessionesque et privi-
916 1623 2832 1691 legia confirmat, petente Bonifacio abbate. Archivio della soc. Romana di stor. patr.
914 1678 1657 1749 I. 164. — „Cum monasterium“.
335 1733 521 1804 „ 22.
636 1744 748 1813 („)
866 1735 2839 1804 13028 (8571) Hugonis, episcopi Terracinensis, de disciplina canonicorum statuta confirmat.
914 1793 2565 1850 Contator Hist. Terrac. p. 370, Migne 200 p. 1161. — „Ad laudem et“.
307 1841 523 1936 Mart. 6.
642 1846 742 1932 „
863 1846 2836 1908 13029 Monasterium S. Petri de Monte, rogatu Gualteri abbatis, protegendum suscipit
916 1908 2836 1963 eiusque possessiones et iura confirmat, ea lege, ut „per singulos annos denarius aureus
914 1961 2834 2016 aut in quarto anno byzantius Lateranensi palatio“ persolvatur. In bibl. nat. Paris.
912 2018 2832 2071 Chart. S. Petri de Monte, scr. a. 1392, ms. lat. 12866. f. 5 b. — „Religiosis votis annuere“.
651 2007 733 2137 „
866 2071 2832 2128 13030 Monasterii de Misericordia-dei (vel Becherunensis) patrocinium suscipit, posses-
914 2122 2830 2184 sionesque et privilegia confirmat, petente Daniele abbate. (Clausula corrupta). Cartul.
919 2177 2832 2234 de Miser.-dei, nouv. acqu. lat. 242 f. 211 in bibl. nat. Paris. (Lalaune Hist. de
916 2232 2797 2290 Chatelleraud I. 573). — „Religiosam vitam eligentibus“ („Apostolicum convenit“).
678 2294 715 2362 „
866 2283 2834 2345 13031* Monasterii S. Stephani protomartyris ad Rivum maris protectionem suscipit
914 2336 2832 2413 possessionesque et iura confirmat, petente Alexio abbate. Annal. S. Stephani 1178
916 2389 1957 2455 ap. Saraceni La cronaca di S. Stefano p. 37.
344 2424 525 2521 „ 12.
561 2435 808 2519 Tusculano
863 2444 2832 2528 proficiscitur „festo b. Gregorii papae ante dominicam Laetare Hierusalem“. Bosonis
914 2508 1822 2568 card. vita Alex. ap. Watterich II. 450.
342 2561 523 2636 „ 12.
587 2557 790 2625 Romam
866 2546 2830 2627 pervenit „in festo b. Gregorii“, Romoaldi Salernit. Annal. 1178 in MG. SS. XIX. 459;
543 2614 832 2698 (in palatium)
914 2612 2830 2680 cf. Bosonis card. vit. Alex. I. I. In Annal. Ceccanens. 1178 in MG. SS. XIX. 286
916 2669 2052 2740 est pro: „4. id. Madii“ legendum: „4. id. Martii“.
351 2691 528 2795 „ 13.
592 2722 782 2793 Romae
866 2725 2527 2784 in consistorium se confert „altera die“. Bosonis card. vit. Alex. p. 451.
346 2769 528 2853 „ 15.
583 2780 799 2855 Laterani
866 2767 2834 2839 13032 (8654) Magistro Girardo Pucellae (cf. infra Apr. 3) „reditus, quos in regno Theu-
916 2831 2834 2895 tonico in fervore scismatis nullo cogente spontanee dimiserat, interventu (Christiani)
921 2890 2832 2950 Moguntini archiepiscopi restituit; statuit, ut non obsit ei ad diminutionem vel macu-
919 2941 2832 3007 lam famae, nec circa promotionem ei praeiudicium valeat in posterum generare, quod
916 3001 2834 3060 aliquandiu reditus inter scismaticos noscatur tenuisse“. Jaffé Bibl. III. 409. (Duchesne
916 3043 2834 3127 Hist. Franc. SS. IV. 561, Bouquet Rec. XV. 960, Mansi XXI. 963, Migne 200 p. 1200).
916 3107 1411 3175 — „Litteratura tua“.
349 3144 528 3241 „ 17.
645 3160 733 3246 „
870 3155 2834 3230 13033 (8572) Ecclesiae Lincopiensis protectionem suscipit, bonaque confirmat, petente
919 3208 2832 3288 Colono episcopo. Liliegren Dipl. Suec. I. 98, Ornhiälm Hist. Sueon. p. 563, Migne
923 3279 1665 3343 200 p. 1163. — „Ex iniuncto“.
373 3325 521 3453 18.
872 3321 2832 3398 13034 (8655) Willelmo, archiepiscopo Remensi, apostolicae sedis legato, et (Rogerio)
923 3380 2832 3449 episcopo Laudunensi mandat, ut monasterium Thenoliense ab iniuriis adversariorum
925 3440 2825 3515 tueantur. (Annus 1176 est perperam additus). Hugo O. P. A. II. Pr. p. 584. —
927 3495 1431 3595 „Ex parte Godefridi“.
1100 181 2026 282 ALEXANDER III. 1159—1181.
