3007 3975
667 311 2638 401 1178. (Ind. 11. — 25. Sept. — 12, pont. a. 19. — 20. Sept. — 20), 1177. — 25. Mart. — 1178.)
695 388 2664 470 „in Laetare ferusalem“, Bosonis card. vit. Alex. p. 451. „In media quadragesima“.
148 379 649 474 Mart. 19.  Romae ap.
746 452 1747 514 Annal. Pegav. 1178 in MG. SS. XVI. 261.
388 457 649 514 S. Crucem
695 501 1990 574 „in passione domini“. Bosonis card. Vit. Alex. p. 451.
192 503 649 585 „ 26.  Romae ap.
395 563 647 624 S. Petrum
698 607 2668 682 13035 (8573) Petro, tit. S. Chrysogoni presbytero cardinali, apostolicae sedis legato,
410 620 627 691 Laterani
185 613 366 695 „ 27.
748 669 2671 733 mandat, ut „candelabra 24 et cuppam argenteam 14 marcarum, deauratam intus et
748 724 2671 790 extra“, a W(illelmo), quondam episcopo Portuensi, in ecclesia Lemovicensi deposita,
753 770 2673 841 aut ipse ad sese deferat, aut abbati S. Germani Parisiensis tradi iubeat. Duchesne
748 832 2666 903 H. Fr. SS. IV. 566, Bouquet Rec. XV. 960, Mansi XXI. 970, Migne 200 p. 1163. —
751 885 1310 956 „Cum bonae memoriae“.
704 929 2675 1007 13036 (8574) Monasterii S. Lamberti in Carinthia tutelam suscipit, possessionesque et
187 925 368 1024 „ 28.
483 936 585 1015 „
755 1000 2675 1064 privilegia, petente Wernhero abbate, confirmat. Monachis annuum bizantii unius cen-
755 1055 2675 1124 sum iniungit. Zahn Urkundenb. v. Steiermark I. 559. — „Pie postulatio volun-
753 1106 908 1174 tatis“.
704 1157 2675 1221 13037 (8575) Ecclesiae Cardonensis protectionem suscipit, possessionesque ac privilegia
190 1132 364 1247 „ 30.
488 1154 592 1267 „
757 1216 2677 1280 confirmat, petente Formaro praeposito. Günther Cod. dipl. Rh. Mosel. I. 425, Beyer
762 1276 1619 1338 M. U. II. 67. — „Quotiens a nobis“.
711 1325 2677 1400 13038 (Willelmo) archiepiscopo Remensi, apostolicae sedis legato, eiusque suffraganeis
192 1325 373 1417 „ 31.
497 1329 585 1411 „
757 1382 2680 1446 mandat, videant ne a fratribus Fusniacensibus vel aliorum monasteriorum Cisterciensis
757 1439 2677 1499 ordinis „de novalibus vel de aliis terris, quas propriis manibus vel sumptibus exco-
762 1492 2680 1556 lant, vel de nutrimentis animalium decimae quomodolibet extorqueantur“. De Smet
760 1550 2017 1607 Cart. de Cambron I. 11. — „Audivimus et audientes“.
159 1607 373 1687 Apr. 2.
711 1603 2443 1665 13038a *Monasterio S. Iusti privilegium dat. Pflugk-Harttung Iter p. 283.
468 1519 585 1673 („)
441 1658 625 1724 Romae
711 1651 2021 1724 „in Palmis“. Annal. Pegav. 1178 in MG. SS. XVI. 261.
196 1660 373 1733 „ 2.
715 1713 2680 1782 13039 (8582) Testatur, se, praesentibus magistris Gerardo Pucella et Petro Blesensi,
421 1702 636 1808 Laterani
192 1720 371 1804 „ 3.
762 1768 2680 1830 (Ricardi) archiepiscopi Cantuariensis procuratoribus, decreyisse, ut (Rogerus) electus
762 1824 2680 1883 monasterii S. Augustini Cantuariensis abbas et eius successores ab archiepiscopis in
760 1877 2677 1938 ipso monasterio „absque exactione obedientae“ dedicarentur. Hist. Mon. S. August. Cant.
764 1923 2680 2007 p. 420, (Chron. W. Thorn. ap. Twysden H. A. SS. II. 1822, Migne 200 p. 1168).
764 1994 1201 2044 — „Recepta olim“.
715 2040 2682 2102 13040 (8583) R(icardo) archiepiscopo Cantuariensi, apostolicae sedis legato, de superio-
194 2038 377 2117 „ 3.
499 2047 589 2113 „
764 2097 2677 2164 ribus litteris significat. Hist. mon. S. Aug. Cant. p. 422, (Chron. W. Thorn ap.
764 2155 2454 2217 Twysden H. A. SS. II. 1822, Migne 200 p. 1169). — „Cum dilecti filii“.
713 2197 2680 2274 13041 Archiepiscopis, episcopis, archidiaconis, decanis et aliis ecclesiarum prae-
192 2197 375 2285 „ 4.
479 2206 592 2276 „
762 2261 2682 2323 latis mandat, ne a fratribus Fusniacensibus et Boheriensibus, sicut nec ab aliis ordinis
762 2314 2680 2371 Cisterciensis monachis, decimas de novalibus vel de aliis terris vel vineis, quas pro-
764 2371 2680 2435 priis manibus aut sumptibus colant decimas exigi sinant. Autograph. in tabul. nat.
762 2429 1937 2482 Paris. L. 250 n. 80. — „Audivimus et audientes“.
715 2482 2684 2546 13042 (8577) Ecclesiae Reginae protectionem suscipit, canonicorumque bona ac iura
190 2426 375 2552 „ „
499 2484 583 2561 „
764 2532 2680 2605 confirmat, petente lacobo archidiacono. Muratori Ant. It. V. 251, Migne 200 p. 1164.
764 2590 1418 2656 — „Quotiens illud a nobis“.
709 2643 2366 2714 „in pascha Regnum solemniter induit“. Bosonis card. vit. Alex. p. 451.
196 2610 665 2709 „ 9. Romae ap.
404 2694 651 2775 S. Petrum
715 2753 2686 2822 13043 Monasterii S. Mariae Fontis-vivi exemptionem, bona, iura confirmat. Ex Cod.
198 2747 375 2824 „ 12.
768 2797 1641 2870 Vaticano 7927 dedit b. m. Bethmann.
715 2862 2686 2923 13044 Ecclesiae S. Leonardi de Lacu, rogatu Radulfi prioris, tutelam suscipit ac pos-
426 2853 647 2932 Laterani
198 2864 380 2934 „ 14.
768 2917 2686 2983 sessiones, decimas, scriptum a b. m. Walfredo et Rainerio episcopis Senensibus de
766 2974 2684 3029 censu duorum cereorum annuo ecclesiae Senensi praestando confirmat. Qui orationis
766 3027 2684 3087 causa ad S. Leonardum accedant, eos laedi vetat. Fratribus pensionem duorum soli-
766 3080 2684 3146 dorum Lucensium quotannis Lateranensi palatio persolvendam imponit. Autogr. in
766 3133 1710 3204 bibl. reg. Berolin. — „Quotiens illud a“.
720 3186 2686 3255 13045 (8578) Ecclesiae S. Audomari protectionem suscipit, iuraque confirmat, bulla ad
203 3144 386 3266 „ 16.
490 3175 609 3279 („)
779 3237 2686 3316 Willelmum decanum. (Fragmentum). Miraei Opp. dipl. IV. 28, Migne 200 p. 1165.
779 3301 1537 3363 —„ . . . „. felicis recordationis“.
722 3352 2686 3429 13046 (8579) Monasterii S. Paterniani Fanensis privilegia et possessiones confirmat,
203 3347 388 3431 „ 17.
505 3352 600 3422 „
777 3411 2686 3486 petente Alberto abbate. (Initium bullae depravatum est). Amiani Mem. di Fano II.
777 3462 1975 3573 sommario p. XIII. — „Pie postulantibus votuntatis“.
205 3495 768 3610 Regea Sont. Ronan. Sd ect. II.
2346 3500 2410 3630 41
932 154 1858 253 ALEXANDER III. 1159—1181.
2545 161 2668 249 321
