3007 3975
300 198 428 280 324
848 340 2812 419 1178. (Ind. 11. — 25. Sept. — 12, pont. a. 19. — 20. Sept. — 20, 1177. — 25. Mart. — 1178.)
326 408 547 505 lul. 10.
592 410 810 496 Laterani
881 419 2843 492 13081 Monasterii S. Genovefae Parisiensis patrocinium suscipit. (Fragmentum). In
932 483 2470 538 bibl. nat. Paris. Coll. Baluze t. 55. f. 161. — „Licet ex suscepto“.
362 525 545 609 „ 12.
656 549 760 602 „
881 534 2847 600 13082 Inter fratres Bellae-vallis (d. Vesont.) et hospitalarios hominesque de Villa latam
932 589 2847 647 a Guillelmo episcopo (Vesontionensi) super territorio de Mello sententiam approbat.
932 644 2845 715 Cartul. de Bellevaux, Coll. Moreau 870. f. 144 in bibl. nat. Paris. — „Significatum
932 700 1184 761 est nobis“.
364 733 545 828 „ 12.
662 742 771 823 „
881 744 2847 812 13083 (Fratribus Bellae-vallis) corpus Petri, archiepiscopi Tarantasiensis, in eorum mo-
936 812 2841 870 nasterio defuncti et sepulti, unquam auferri vetat. Loewenfeld Epistolae p. 156. —
934 865 1601 920 „Ad audientiam apostolatus“.
357 887 541 998 „ 13.
660 912 768 991 „
883 903 2850 978 13084 (Canonicos Tarantasienses) hortatur, ne a monasterio Bellae-vallis, ubi Petrus
932 965 2847 1031 archiepiscopus Tarantasiensis mortuus et iuxta dispositionem suam humatus sit, cor-
932 1020 2845 1088 pus eius repetere praesumant. Loewenfeld Epistolae p. 156. — „Significantibus nobis“.
360 1053 547 1154 „ 15.
669 1062 766 1148 „
888 1086 2847 1148 13085 (8596) Adefonso, Castellanorum regi, Petrum, episcopum Salmanticensem, a sese
932 1139 2845 1199 consecratum commendat. Avila Hist. de Salamanca p. 163, Migne 200 p. 1183. —
934 1181 1537 1254 „Precibus et petitionibus“.
673 1223 753 1320 „
890 1234 2852 1307 13086 (8597) Monasterii S. Mariae et SS. Cornelii et Cipriani Ninoviensis protectionem
936 1305 2847 1371 suscipit, possessionesque confirmat, petente Gerardo abbate. Hugo O. P. A. II. Pr.
936 1358 1849 1415 p. 231. — „Piae postulatio voluntatis“.
329 1384 550 1481 Aug. 5.
662 1369 762 1492 „
888 1406 2850 1475 13087 (8598) Parthenonis Silvatensis (Waldkirchensis) tutelam suscipit et bona iura-
936 1457 2841 1532 que confirmat, petente Inudenta electa abbatissa. Neugart Ep. Const. I. II. 583. —
938 1519 1425 1585 „Prudentes virgines“.
362 1559 550 1654 „ 5.
673 1556 753 1656 „
890 1570 2854 1643 13088 (8599) Monasterii Tennebacensis protectionem suscipit et eius bona ac privilegia
938 1620 2850 1698 confirmat, petente Udalrico abbate. Neugart Ep. Const. I. II. 585. — „Religiosam
938 1676 1376 1751 vitam eligentibus“.
304 1682 554 1813 „Aug 15.
631 1682 797 1824 Roma
885 1731 2852 1806 medio mense Augusto Tusculanum proficiscitur. Romoaldi Salern. Annal. 1178 in MG.
938 1790 1285 1850 SS. XIX. 459.
890 1841 2852 1916 13089 Alberto, quondam archiepiscopo Salzburgensi, apostolicae sedis legato, virum
941 1896 2854 1969 quendam commendat, cui iniunctam ob excessus poenam pro vitae eius merito relaxari
941 1952 2518 2027 cupit. Loewenfeld Epistolae p. 157. — „Pro varietate personarum“.
890 2009 2856 2078 13090 (Richardum) episcopum Urbevetanum a clero populoque decenter receptum esse
943 2069 2397 2133 gaudet. Loewenfeld Epistolae p. 158. — „Nuntios et litteras“.
892 2115 2854 2181 13091 Tebaldum sacerdotem plebem iniuste detentam in manus R(ichardi) episcopi
943 2179 2854 2239 Urbevetani resignare eique obedientiam exhibere iubet. Loewenfeld Epistolae p. 158.
945 2237 1546 2298 — „Ad nostram noveris“.
892 2279 2854 2351 13092 (Everardum) Tornacensem episcopum ad preces F(riderici) imperatoris rogat, ut
943 2338 2856 2402 B. clerico primam, quae vacaverit, praebendam in ecclesia sua assignet. Loewenfeld
943 2393 1928 2462 Epistolae p. 158. — „Summi pontificatus“.
340 2393 503 2546 Aua?
899 2442 2856 2515 13093 C(hristiano) archiepiscopo Moguntino ita scribit: „Non credidimus hactenus, quod
945 2497 2854 2568 spiritum alium gereres nisi devotionis. Nunc autem contrarium cogimur arbitrari,
943 2559 2856 2621 dum nos Urbem et Orbem compellis exire“. Praecipit, ut quae homines eius Romanis
945 2612 2856 2674 abstulerint, bona restitui faciat confestimque „a loco discedat“. Loewenfeld Epistolae
945 2663 2839 2731 p. 159. Cf. ea, quae exposui in Forsch. z. deut. G. XXV. 459. — „Non credidimus“.
373 2698 558 2800 „ 14.
598 2674 835 2862 paett
897 2716 2854 2784 13094 Ecclesiae S. Iacobi de Caserta patrocinium suscipit ac possessessiones et liber-
947 2778 2856 2844 tates, a Roberto comite et Porphirio episcopo Casertanis concessas, confirmat. Pflugk-
945 2826 2169 2899 Harttung Acta III. 263. — „Quotiens illud a nobis“.
375 2864 558 2965 „ 23.
678 2892 766 3023 „
897 2879 2856 2948 13095 Monasterii Tironiensis tutelam suscipit, possessionesque et privilegia confirmat, pe-
947 2939 2856 3005 tente Gauterio abbate. (Signa temporis vitiosa). In bibl. nat. Paris. ms. lat. 12780. f. 12;
947 2994 2858 3058 apud Merlet Cart. de Tiron II. 103, bulla non recte „Guillelmo“ abbati inscripta legitur
947 3054 2638 3109 et propter „stilum“ in dubium vocatur. — „Effectum iusta postulantibus“.
380 3093 556 3186 „ 29.
676 3109 777 3184 „
899 3104 2858 3175 „lohannes abbas Strumensis, qui vocabatur papa Calixtus, in decollatione b. Iohannis
950 3155 2854 3221 ad pedes domini Alexandri papae III. venit“. Annal. Casinenses 1178 in MG. SS.
952 3213 2858 3277 XIX. 312, Romoaldi Salern. Annal. 1178 ibid. p. 460. Cf. Annal. Ceccanenses 1178
952 3274 1303 3327 ibidem p. 286.
338 3263 561 3411 Sept. 5.
669 3277 782 3416 „
901 3308 2856 3392 13096 (8600) Monasterium Novillarense tuendum suscipit et eius bona iuraque con-
952 3380 2856 3440 firmat, petente Petro abbate. Schoepflin Als. dipl. I. 264, Würdtwein Nov. subs.
954 3429 2854 3520 dipl. X. 71: „VIII. id. Sept.“, (Neues Archiv VII. 104: „VIII. kal. Sept.“). — „Re-
952 3486 1590 3584 ligiosam ritam eligentibus“.
1111 187 2037 276 ALEXANDER III. 1159—1181.
