3007 3975
691 304 2666 397 1178. (Ind. 11. — 25. Sept. — 12, pont. a. 19. — 20. Sept. — 20, 1177. — 25. Mart. — 1178.)
172 371 393 530 Sept 21.
428 379 669 547 vocaan
726 386 2695 459 13097 (8601) (Ubaldum) archiepiscopum Pisanum et universos episcopos et abbates per
784 448 2695 512 Tusciam constitutos ad concilium „prima dominica advenientis quadragesimae“ (d. 18.
775 499 2695 571 m. Febr. a. 1179) celebrandum Romae, invitat. Mansi XXII. 211, Migne 200 p. 1184.
782 563 1319 629 — „Quoniam in agro“.
731 609 2695 682 13098 (8602) Archiepiscopos, episcopos, abbates Hungariae vocat ad concilium, prima
205 600 388 691 „ 21.
517 616 598 684 „
773 669 2691 737 dominica quadragesimae venientis (18. Febr. 1179) Romae agendum. Fe;ér C. D.
777 728 1595 783 H. II. 193. — „Quoniam in agro“.
726 768 2697 845 13099 (8603) (Guarinum), archiepispum Bituricensem, et eius suffraganeos, et abbates
501 777 607 861 („)
777 836 2695 905 per eorum episcopatus constitutos ad concilium „prima dominica advenientis quadra-
779 896 2691 958 gesimae“ (18. Febr. 1170) Romae celebrandum invitat. Commendat Octavianum,
779 949 2693 1007 subdiaconum suum, „cui vocationis huius sollicitudinem imponit“. Duchesne H. Fr.
775 995 2693 1064 SS. IV. 559, Bouquet Rec. XV. 963, Mansi XXI. 962. Fortasse haec epistola iam
775 1048 2489 1115 mense Maio, eodem tempore quo 13070, emissa est. — „Quoniam in agro“.
722 1104 2691 1174 13100 W(illelmo) archiepiscopo Remensi, apost. sedis legato, litteras dat. Neues Archiv
207 1101 388 1192 „ 27.
499 1108 609 1185 „
779 1161 2691 1225 VII. 106 ad. a. 1178 — 80; Huic anno adiunxi, quia in epistolis post Mart. 1179
773 1221 2693 1287 datis Willelmo titulus „presb. card. tit. S. Sabinae“ apponi solet. — „Quante sint“.
724 1278 2693 1342 13101 Willelmum regem Siciliae vituperat, quod vacantis ecclesiae Catacensis redditus,
775 1331 2691 1397 qui futuro episcopo servari deberent, archidiacono cuidam Cusentino concesserit;
775 1391 2686 1453 moneat canonicos Catacenses, ut episcopum eligant. Loewenfeld Epistolae p. 159. —
773 1433 1197 1495 „Quanto te sicut“.
722 1486 2695 1556 13102 Fratres de Oratorio rogat, ut G. monachum, qui monachica veste ter abiecta per
773 1550 2688 1609 seculum evagatus sit, sed redire in monasterium desideret, aut ipsi recipiant aut in
768 1601 2691 1665 domo de Balteseio recipi faciant. Loewenfeld Epistolae p. 160. — „Retulit nobis G.“
722 1660 2691 1729 13103 (Martino) episcopo, consulibus et populo Nepesinis significat, prohibiturum se
775 1720 2693 1773 esse, quominus pro auxilio Viterbiensibus praestito a (Conrado) filio marchionis
773 1760 2691 1832 (Willelmi de Monteferrato) molestiis afficiantur. Loewenfeld Epistolae p. 161. Cf. ea
773 1826 2688 1883 quae exposui in Forsch. z. d. Gesch. XXV. 459. 460. — „Receptis vestre deyotionis“.
722 1881 2691 1943 13104 (Christiano) Moguntino mandat, ut hominibus suis, qui nobilem ex familia
775 1932 2691 1998 Hen(rici) de S. Eustachio inhoneste tractaverint, condignam poenam irroget. Loewen-
773 1989 2688 2055 feld Epistolae p. 161. Cf. Forsch. z. d. Gesch. XXV. 457. — „Fraternitatem tuam“.
167 2009 384 2106 Oct. 1.
722 2047 2691 2106 13105 (8604) Ecclesiae S. Opportunae Parisiensis protectionem suscipit, possessionesque
510 2049 609 2122 „
773 2091 2684 2170 ac privilegia confirmat. Félibien Hist. de Paris III. 34, Migne 200 p. 1183. —
773 2144 1416 2217 „Piae postulatio voluntatis“.
724 2206 2688 2276 13106 (8605) (Gilberto) Londinensi et (Richardo) Wintoniensi episcopis, „attendens,
201 2210 377 2274 „ 1.
512 2206 607 2285 „
775 2265 2686 2329 quod ad regem pertineat, non ad ecclesiam, de possessionibus iudicare“, praecipit,
773 2314 2691 2385 ut H(enrico), Anglorum regi, „possessionum iudicium relinquant“. Radulf. de Diceto
768 2376 2560 2433 ap. Twysden H. A. SS. I. 602, Opp. ed. Stubbs I. 427. — „Nos attendentes“.
722 2429 2691 2495 13107 Parthenonis S. Mariae de Almenesches protectionem suscipit bonaque et privi-
201 2418 380 2508 „ 7.
521 2429 589 2508 „
771 2479 2598 2544 legia confirmat. Monast. Anglic. nov. edit. VII. 1032. — „Prudentes virgines“.
722 2532 2691 2599 13108 (8606) Monasterii Mariaemontani, rogatu Gebhardi abbatis, possessiones et pri-
203 2532 384 2614 „ 18.
510 2535 598 2667 „
777 2599 2688 2656 vilegia confirmat, imposito monachis bysantii unius censu annuo. Eichhorn Ep. Cur.
771 2643 2222 2709 Cod. Pr. p. 60, Mohr Cod. dipl. p. 207. — „Quotiens illud a“.
724 2698 2691 2771 13109 (8607) Parthenonem S. Sebastiani Schoenensem (Scandensem) tuendum suscipit
519 2672 592 2778 „
203 2694 382 2778 „ 24.
775 2758 2688 2820 et eius bona ac iura confirmat, petente Adelheida abbatissa. Eichhorn Ep. Cur. Cod.
775 2813 2688 2881 Pr. p. 61, Urkundensamml. z. Gesch. d. Kantons Glarus I. 20. — „Prudentibus vir-
771 2868 987 2932 ginibus“.
722 2917 2688 2983 13110 Monasterium S. Iohannis Baptistae de Turtal tuendum suscipit eiusque posses-
205 2919 384 3005 „ 24.
514 2919 605 3058 „
773 2979 2688 3034 siones et privilegia confirmat, petente Burcardo abbate. Wartmann Urk. d. Abt.
773 3029 2629 3096 S. Gallen III. 47, Meyer Thurg. Urk. II. 202. — „Effectum iusta postulantibus“.
726 3085 2691 3151 13111 Ecclesiae S. Mauritii Augustensis tutelam suscipit, possessionesque et privilegia
519 3069 600 3162 „
205 3067 386 3166 „ 24.
775 3140 2602 3208 confirmat. Wirtemberg. Urkundenb. II. 191. — „Effectum iusta postulantibus“.
726 3197 2688 3257 13112 *Monasterii Beccensis possessiones quasdam, in his prioratum S. Gilberti, con-
203 3175 388 3283 „ 25.
517 3191 600 3286 „
775 3250 1922 3310 firmat. In bibl. nat. Paris. ms. lat. 13905. f. 2b.
726 3297 2688 3372 13113 Willelmo, archiepiscopo Remensi, ap. sed. legato, eiusque suffraganeis mandat,
207 3288 386 3425 „ 28.
497 3297 614 3489 „
777 3365 2688 3420 curent, ne compositio a b. m. Renaldo archiepiscopo Remensi et Bartholomaeo episcopo
777 3414 2688 3480 Laudunensi inter monasterium S. Iohannis Laudunense et Ingelrannum de Colci (Coucy)
777 3467 2686 3570 facta, a flio eius Radulfo infringatur. Loewenfeld Epistolae p. 162. — „Pervenit ad nos“.
958 159 1886 253 ALEXANDER III. 1159—1181.
2567 167 2695 262 325
