3007 3975
287 194 415 278 326
832 331 2803 419 1178. (Ind. 11. — 25. Sept. — 12, pont. a. 19. — 20. Sept. — 20, 1177. — 25. Mart. — 1178.)
304 399 530 492 Oct. 28.
578 399 802 492 Laterani
837 421 2825 485 p15114 Maioris monasterii fratribus asserit ecclesias, ex prioratu Bellismensi ad eos spec-
916 474 2828 541 tantes. Autogr. fictum s. XII. —XIII. in Arch. dép. de I'Orne in Alencon. Fonds du
923 523 1902 598 Vieux-Belléme. — „Quoniam ex pastorali“.
346 571 523 647 „ 29.
572 574 806 653 Tusculani
868 580 2830 651 13115 R(ogerio) abbati Beccensi scribit, audivisse se, archidiaconos et decanos, ad
919 642 2830 704 domus monasterii accedentes, „cum non secundum voluntatem superflua et delicata
919 695 2830 759 fercula eis fuerint praeparata“, in fratres excommunicationis sententiam promulgare.
923 750 2832 810 Talem sententiam irritam esse iubet. Loewenfeld Epistolae p. 163. — „Pervenit
919 810 1126 867 ad nos“.
346 841 530 925 „ 30.
653 859 737 929 „
870 856 2832 923 13116 (8608) Monasterii S. Benedicti Cremensis protectionem suscipit, possessionesque
921 918 2830 982 ac iura confirmat, petente Simone praeposito. Gattulae Hist. Cas. p. 285. — „Re-
919 971 1531 1026 ligiosis desideriis dignum“.
311 1004 530 1101 Nov. 2.
653 1007 737 1137 „
872 1020 2832 1086 13117 (8609) Monasterii S. Mariae Esromensis protectionem suscipit, possessionesque
921 1084 2830 1146 ac privilegia confirmat, petente Walberto abbate. Thorkelin Diplom. Arna-Magn. I.
916 1135 2573 1194 269, Nielsen Codex Esromensis p. 5. — „Religiosam vitam eligentibus“.
346 1177 530 1256 „ 25.
651 1185 737 1272 „
868 1192 2832 1254 13118 Monasterii Vallis-clarae tutelam suscipit, possessionesque et privilegia confirmat.
919 1243 2830 1305 Chartes de Vauclair ms. lat. 11073. s. XII. f. 57, Coll. Moreau t. 82. f. 215, Coll.
916 1291 2651 1355 Grenier t. 267. f. 64 in bibl. nat. Paris. — „Religiosam vitam eligentibus“.
309 1287 528 1413 pea? 2.
653 1353 731 1486 „
868 1349 2830 1417 13119 Monasterium Casae Dei tuendum suscipit eiusque possessiones et iura confirmat,
921 1411 2832 1470 petente Bertrando abbate. Fratribus pensionem unius byzantii annuatim persolvendam
921 1466 2832 1523 imponit. Pflugk-Harttung Acta III. 264. Cf. n. 13273. — „Susceptae administrationis“.
338 1486 523 1587 „ 3.
658 1497 731 1658 „
874 1517 2832 1578 13120 (7968) Donationes iniussu monachorum S. Augustini Cantuariensium sigillo mo-
921 1567 2832 1640 nasterii obsignatas rescindit, ac decernit, „ut sigillum eorum conservetur, ita quod
923 1631 2834 1696 nulla persona nisi de communi consensu et voluntate fratrum vel sanioris partis con-
923 1680 2832 1744 ventus cartam aliquam, continentem contractus donationis vel obligationis possessionum
921 1744 2832 1804 monasterii, praedicto sigillo consignare audeat“. Hist. mon. S. Aug. Cant. p. 425,
919 1795 2832 1852 (Chronica W. Thorn ap. Twysden H. A. SS. II. 1817). — „Ea, quae in praeiudicium“.
349 1839 528 1921 „ 6.
660 1846 729 1916 „
874 1841 2834 1912 13121 (8610) Monasterii S. Mariae Vergiacensis protectionem suscipit, possessionesque
919 1901 2631 1961 ac iura confirmat. Bullar. Cluniac. p. 75. — „Susceptae administrationis“.
338 1912 525 2025 „ 8.
653 1954 740 2027 „
870 1952 2834 2018 13122 Monasterii S. Oswaldi Bardeneiensis tutelam suscipit, bonaque et privilegia con-
921 2011 2832 2073 firmat, petente Radulfo abbate. Ex cod. Mus. Britt. Cotton. Vespas. E. XX. f. 4.
919 2060 2070 2122 Dedit b. m. Karolus Pertz. — „Quotiens illud a“.
340 2113 528 2201 „ 9.
660 2120 740 2217 „
872 2115 2832 2195 13123 (Rotrodo) archiepiscopo Rotomagensi significavit, se mandasse (Richardo) archi-
919 2179 2834 2241 episcopo Cantuariensi, ut electum S. Augustini abbatem intra 20 dies in monasterio
921 2232 2830 2292 eius „sine obedientia vel professionis exactione“ dedicet. Quod nisi fecerit, eidem
921 2285 2832 2354 electo se iniunxisse, ut aut ad ipsum aut ad sedem apostolicam benedicendus accedat.
925 2336 2662 2400 Mandat, faciat. Hist. Mon. S. Aug. Cant. p. 428. — „Praesentibus litteris“.
351 2391 530 2455 „ 18.
653 2389 748 2515 „
872 2389 2832 2457 13124 (8778) Fratri Fulberto eiusque successoribus asserit locum Misericordia-Dei, ab
925 2453 2832 2517 Hugone de Acrivilla aliisque donatum et a Guillelmo, tunc Senonensi, „nunc vero
923 2508 2830 2570 Remensi archiepiscopo, apost. sedis legato“ confirmatum. Gall. Chr. XII. Instr. p. 55,
925 2559 2830 2621 Migne 200 p. 1264. De tempore cf. notam ad 13100. — „Iustis petentium desideriis“.
349 2561 532 2696 „ 19.
665 2557 740 2703 „
874 2612 2830 2678 13125 Ecclesiae S. Sixti possessiones et concessiones ab Innocentio II. et Eugenio III.
919 2672 2368 2729 factas confirmat. Archiv. stor. per le prov. Napolit. VIII. 781.
346 2700 530 2795 „ 21.
645 2705 746 2908 „
870 2720 2832 2789 13126 (8611) Ecclesiam S. Mariae de Reno tuendam suscipit, possessionesque eius con-
923 2782 2832 2842 firmat, et fratribus duos solidos Lucensis monetae in annos singulos imponit. Trom-
921 2837 2761 2903 belli Mem. di Reno p. 375, Bull. Lat. p. 49. — „Religiosam vitam eligentibus“.
872 2879 2832 2954 13127 (8612) Monasterii S. Thomae de Paraclito (Ebleholtensis) protectionem suscipit,
923 2945 2830 3014 possessionesque ac privilegia confirmat, petente Willelmo abbate. Thorkelin Diplom.
923 3003 2832 3065 Arna-Magn. I. 50, Langebek SS. R. Dan. VI. 139, (Migne 200 p. 1186). — „Pie
923 3058 1427 3115 postulatio voluntatis“.
874 3098 2834 3173 13128 Bertramno Coronelli diacono ecclesiam de Neriaco asserit. (Fragmentum). Loewen-
921 3157 1948 3224 feld Epistolae p. 163. — „Iustis petentium“.
874 3208 2834 3283 13129 N. archidiaconi Meldensis protectionem suscipit eique privilegia quaedam indulget.
923 3277 2204 3332 Loewenfeld Epistolae p. 163. — „Sacrosancta Romana“.
874 3330 2834 3396 13130 (lordano) Humano episcopo mandat, ut parrochianos suos, anathemate proposito,
923 3383 2834 3442 coerceat, ne ecclesiae Papiensis possessiones invadant, „quia (Willelmus) marchio
925 3436 2832 3520 Montis ferrati pecuniam eis debitam non persolvat“. Loewenfeld Epistolae p. 165.
936 3495 1469 3595 — „Significante nobis“.
1102 183 2023 278 ALEXANDER III. 1159—1181.
