3007 3975
660 302 2633 399 1178. (Ind. 11. — 25. Sept. — 12, pont. a. 19. — 20. Sept. — 20, 1177. — 25. Mart. — 1178.)
693 388 2662 457 13131 (Rainerium) abbatem et fratres Padilironenses de iniuriis, quas a consulibus Man-
742 448 2662 510 tuanis patiantur, consolatur. Opem pollicetur. Addit de litteris suis ad (Garsen-
742 505 2664 560 donium) episcopum Ma(ntuanum?) et rectores Lombardiae, Marchiae et Romaniae
740 556 2235 618 missis. . Loewenfeld Epistolae p. 166. — „Super tribulationibus“.
695 609 2664 673 13132 (Rainerio) abbati Padilironensi decimas ac privilegia quaedam confirmat. Loewen-
740 660 1886 730 feld Epistolae p. 167. — „Iustis postulationibus“.
691 715 2664 781 13133 Henricum Remensem thesaurarium rogat, ut, quo B(ucardus) cancellarius Carno-
742 781 2664 836 tensis a sese investitus sit, archidiaconatum Aurelianensem pacifice ei possidendum
742 834 2379 901 relinquat. Loewenfeld Epistolae p. 167. — „Ex litteris Aurelianensis“.
695 876 2664 947 13134 A L(udovico) Francorum rege expetit, Henricum Remensem thesaurarium inducat,
742 931 2666 1002 ut B(ucardo) cancellario Carnotensi archidiaconatum Aurelianensem dimittat. Loewen-
742 989 1699 1057 feld Epistolae p. 168. — „Ea nobis est“.
698 1044 2666 1113 13135 Monachis S. Cosmae Turonensibus mandat, ut I. diaconum in fratrum numerum
746 1106 2202 1170 recipiant. Loewenfeld Epistolae p. 169. — „Cum I. diaconus“.
695 1163 2666 1221 13136 Domum hospitalem de Croden. tuendam suscipit eiusque possessiones ac iura
744 1221 2381 1285 quaedam confirmat. Loewenfeld Epistolae p. 169. — „Offitio pietatis“.
665 1274 897 1380 c. 1178.
695 1373 2668 1444 13137 (8613) (Lanfranco electo Papiensi) scribit de filia Hugonis Alberitii (al. Alberici).
742 1426 2664 1510 Comp. I. L. 4. t. 1. c. 1, Decr. Greg. L. IV. t. 1. c. 4. — „Ad audientiam nostri“.
662 1510 1000 1609 1159— 1179.
698 1592 2668 1660 13138 (8614) Parmensi et Regino episcopis mandat, ut quaedam monachorum Nonan-
139 1521 366 1673 on. 24.
395 1525 631 1729 „„„
746 1654 2668 1715 tulanorum bona in curte Nogara, ab O(mnibono) episcopo Veronensi R. cuidam, filio
742 1711 2668 1777 comitis, collata, restituenda curent. Tiraboschi St. di Non. II. 278, Migne 200 p. 1187.
748 1768 1356 1832 — „Audivimus et mirati“.
698 1819 2668 1881 13139 Fratribus S. Stephani de Nemore permittit, ut „si aliqui eorum, qui vel sepulcrum
183 1808 353 1896 „ 25.
479 1799 574 1945 „
748 1877 2671 1932 Domini vel limina b. Iacobi aut alia religiosa loca visitare tenentur“, in monasterio
748 1921 2671 1989 eorum habitum religionis suscipere voluerint, eos, dummodo liberi sint, ad conver-
746 1985 2341 2053 sionem recipiant. Pflugk-Harttung Acta III. 266. — „Cum quidam“.
698 2033 2671 2100 13140 (8615) Abbati, archipresbytero et canonicis plebis Nonantulanae scribit, P., qui
181 1985 357 2115 „ 26.
490 2033 572 2155 „
748 2091 2673 2153 totam vitam suam deo obtulerit, voto liberum esse iudicandum. Tiraboschi St. di
753 2153 2202 2210 Non. II. 275, Migne 200 p. 1188. — „Veniens ad apostolice“.
700 2190 2671 2265 13141 (8616) In monasterii Nonantulani fundo invitis monachis aedificari ecclesias et
183 2195 362 2283 „ 26.
499 2203 574 2292 „
748 2259 2401 2325 oratoria vetat. Tiraboschi St. di Non. II. 274. — „Cum monasterium“.
704 2307 2671 2373 13142 (8617) Parthenonis Kalensis possessiones confirmat, petente Helevisa abbatissa.
183 2298 360 2393 „ 28.
497 2314 572 2396 „
751 2360 2671 2429 (Fragm.) DuPlessis Hist. de Meaux II. 48, Migne 200 p. 1189. — „Prudentibus virginibus“.
704 2420 2671 2484 13143 Fratres Savigneienses a solvendis decumis de laboribus vel de nutrimentis ani-
185 2393 364 2510 „ 28.
490 2407 581 2563 „
748 2477 2668 2544 malium eximit. Cart. de Savigny s. XIII. f. 158 in Arch. dép. de la Manche in St.-L0.
753 2535 1495 2597 — „Iustis petentium desideriis“.
704 2570 2673 2647 13144 Monasterio S. Mariani Autissiodorensi privilegia quaedam asserit. Qnantin Recueil
185 2555 362 2654 „ 30.
494 2579 578 2672 „
753 2645 2671 2707 de pièces (Suite du Cartul. gén. de l'Vonne) p. 261, ubi perperam bulla Alexandro IV.
748 2700 1767 2756 tribuitur. — „Apostolicae sedis auctoritate“.
704 2738 2673 2811 13145 Martino abbati S. Vedasti concedit, ut presbyterum quendam ecclesiae S. Petri
187 2738 366 2855 „ 30.
483 2742 583 2831 „
751 2806 2671 2868 (prope Atrebatum) obedire nolentem beneficio privet. Guimann Cartul. de St.-Vaast
751 2866 1637 2921 d'Arras p. 144. — „Pervenit ad nos“.
704 2912 2671 2976 13146 (Canonicis Carnotensibus) malefactorum ecclesiae coercendorum facultatem con-
499 2903 574 3034 „
755 2963 2671 3029 cedit. (Haec epistola, quamquam sit intermixta aliis Alexandri III. epistolis, an sit
757 3018 2671 3087 Alexandro IV. tribuenda, dubitem; vide infra ep. 13244.) In bibl. nat. Paris. Coll.
742 3076 1818 3142 „Moreau 69. f. 227. — „Praeveniente vestrae“.
704 3129 2673 3204 13147 Monasterii S. Syri lanuensis possessiones et iura confirmat. (Fragmentum.)
488 3124 589 3246 „
755 3180 1429 3246 Pflugk-Harttung Iter p. 284.
707 3228 2671 3305 13148 Praeposito S. Andreae Coloniensi mandat, iudicet inter Hildegardem priorissam soro-
755 3294 2671 3358 resque Montis S. Roberti (Bingensis) et abbatem S. Disibodi, qui praepositum a sororibus
755 3350 2668 3409 electum assignare eis renuat. Hildegardis Opp. ap. Migne 197 p. 155. — „Ex parte dilectae“.
709 3405 2671 3462 13149 Monasterii S. Mariae de Goufer (vel Silleiensis) protectionem suscipit ac discipli-
760 3456 2671 3562 nam confirmat. petente A(ano?) abbate. (Fragmentum. Bulla haee fortasse Alenxandro 1V.
923 150 1853 247 ALEXANDER III. 1159—1181.
2531 161 2662 249 327
