3007 3975
285 189 410 276 328
830 326 1168 417 1159 — 1179.
914 390 2832 474 tribuenda est, non obstante Adlano) tempore Alexandri III. vivente; nam qui sub
916 472 2832 534 Alexandro IV. monasterium rexerit, in Gall. Christ. XI. 579 non est indicatum.)
914 516 2830 589 Chartul. Silleiens. ms. lat. 11059. s. XIII. f. 38b in bibl. nat. Paris. — „Piis et ra-
916 574 1226 647 tionabilibus“.
830 644 1175 750 1160— 1179.
304 713 523 819 Oct. 7.
565 711 802 819 Anagniae
863 739 2830 801 13150 Fratribus Exoldunensibus indulget, ut tempore interdicti, „clausis ianuis, non
916 801 2832 859 pulsatis campanis, exclusis excommunicatis et interdictis, suppressa voce divina officia
914 848 2828 918 celebrent“. In bibl. nat. Paris. ms. lat. 12680. (Monasticon Benedict. XXIII.) f. 308.
919 909 1608 962 — „Religiosis votis annuere“.
344 967 525 1062 „ 11.
645 960 740 1055 „
866 958 2832 1024 13151 (8619) Episcopo Ianuensi mandat, hortetur consules et populum Ianuensem ne
916 1013 2832 1084 „portum Guillelmi de Montepessulano invadant, neve naves incendio consumant, neve
919 1073 2832 1137 peregrinos et mercatores spolient et lanuam declinare coarctent“. (Aliena manus
919 1128 2830 1194 addidit: „pontificatus noster a. X.“) Gariel Ser. I. 220, Bouquet Rec. XV. 947,
916 1172 2010 1236 Migne 200 p. 1191. — „Dilectus filius noster“.
344 1230 525 1316 „ 11.
651 1227 748 1318 „
863 1223 2834 1298 13152 (8620) Consules et populum lanuensem dehortatur ab iniuriis in Guillelmum
916 1285 2832 1362 Montispessulani dominum. Gariel Ser. I. 221, Bouquet Rec. XV. 947, Migne 200
914 1340 1769 1411 p. 1192. — „Frequens et replicata“.
340 1382 523 1481 „ 12.
653 1366 744 1479 „
866 1393 2834 1464 13153 (8621) Fratribus monasterii Passinianensis ius patronatus in ecclesias quasdam
916 1444 2832 1525 asserit. Lami Eccl. Fl. Mon. I. 219, Del. erud. 1737 p. 219, Migne 200 p. 1193.
916 1499 1581 1574 — „Petitiones religiosorum“.
344 1543 528 1645 „ 12.
658 1572 737 1634 „
868 1548 2832 1627 13154 Monasterio S. Bavonis Gandavensi bona ac iura quaedam asserit. Serrure Cartul.
914 1609 2439 1678 de S. Bavon à Gand p. 55, teste Wauters Table chronol. II. 588.
658 1669 742 1744 „
863 1669 2830 1740 13155 (Ecclesiae Tarvanensi) privilegium de altaribus concedit. („Dat. Anag. . . . .
914 1724 2832 1802 Octobris“. Huius bullae scriptura iam legi nequit.) Duchet et Giry Cart. de 7é-
910 1786 1241 1843 rouane p. 31.
344 1806 530 1912 „ 14.
640 1802 740 1912 „
866 1828 2832 1903 13156 (8622) Ecclesiae S. Martini Turonensis consuetudinem confirmat, ne quis „in
916 1892 2832 1956 canonicum recipiatur, qui sit servilis conditionis et qui non sit de legitimo matri-
916 1938 2828 2007 monio natus“. Rec. sur St. Martin de Tours p. 21, teste Bréquigny Table chron.
916 1994 2830 2067 III. 513: „II. id. Oct.“; Migne 200 p. 1191, ex eodem libro quo Bréquigny: „VI.
916 2051 2828 2117 id. Mart.“; et in bibl. nat. Paris. Coll. Baluze 76. f. 358 legitur: „XII. kal. Noy.“.
916 2108 1557 2177 — „Qui tenemur omnibus“.
346 2159 528 2250 „ 30.
647 2164 737 2230 „
866 2159 2832 2232 13157 Fratribus Maioris-monasterii scribit, ne cui ecclesiam, antequam vacaverit, con-
916 2221 2830 2296 cedant vel promittant. Loewenfeld Epistolae p. 170. — „Quanto monasterium
919 2281 1146 2336 vestrum“.
837 2343 1137 2446 1161. 1179.
304 2422 534 2590 tet 16.
565 2380 808 2579 Fea
863 2418 2834 2499 13158 *Monasterii S. Petri Cremonensis possessiones et privilegia confirmat. Pennotti
916 2495 2593 2570 Ord. cler. can. hist. ed. Rom. p. 637, ed. Colon. p. 656. — „Si quando“.
832 2570 1173 2667 1163— 1179.
866 2641 2834 2718 13159 (8623) R(ogero) archiepiscopo Eboracensi, apost. sedis legato, et R(ogero) epi-
916 2705 2832 2773 scopo Wigorniensi scribit de causa R. et A. clericorum. Coll. Lips. XIX.7, Coll.
916 2756 2830 2824 Cass. XXX. 6, Coll. Bamb. XX. 6, Comp. I. I. 1. t. 27. c. 6, Decr. Greg. L. I. t. 36.
916 2811 2646 2881 c. 6. — „Ex litteris fraternitatis“ „Ex litteris vestrae“ „Ex litteris vestris“.
868 2866 2832 2943 13160 (8624) G(iliberto) Londinensi et R(ogero) Wigorniensi episcopis mandat, iudicent
916 2928 2830 2992 inter R. presbyterum et T. clericum, super ecclesia de Giledesia litigantes. App.
916 2972 2830 3051 conc. Lat. VII. 15, Coll. Lips. XXXV. 15, Coll. Cass. XLII. 16, Coll. Bamb. XXXIII.
930 3027 2222 3104 15, Comp. I. I. 1. t. 21. c. 13. — „Pervenit ad nos ex“.
870 3076 2830 3162 13161 (8625) Rogero, episcopo Wigorniensi, per B. nuncium respondet. Pauperes com-
916 3135 2666 3210 mendat. Epist. S. Thomae ed. Giles II. 108. — „Fraternitatis tuae literas“.
870 3195 2830 3263 13162 (8626. 9016. 9193. 9194. 9203. 9206. 9207. 9209) R(ogerio) episcopo Wigor-
916 3255 2830 3325 niensi, variis de rebus consulenti, respondet 1) qui habitum religionis susceperint,
921 3308 2830 3372 si postmodum duxerint uxores, eos cogendos esse illas dimittere et ad ecclesiam re-
921 3361 2830 3425 dire; 2) de monachis, „qui vicarios parochialium ecclesiarum in tantum gravant, ut
919 3414 2830 3489 hospitalitatem tenere non possint nec honestam sustentationem habere“; 3) „sim-
923 3467 2830 3575 plices sacerdotes ret clericos non posse ecclesias, quibus praesint, auctoritate sua post
1102 172 2023 269 ALEXANDER III. 1159—1181.
