3007 3975
671 306 1007 399 1163—1179.
753 371 2673 459 decessum suum censuales efficere“, 4) de co, qui post factam citationem iter ad sedem
755 450 2673 514 apostolicam arripuerit; 5) litem infra certum terminum decidendam non posse ultra
755 507 2671 571 praefixum diem sine communi partium consensu prorogari; 6) de „sententia post
755 560 2671 622 appellationem supersedenda“ et de „appellationibus pro causis minimis factis“; 7) de
755 616 2671 675 iis, qui „matrem vel sororem vel filiam uxoris suae carnaliter forte cognoverit“ et
757 671 2671 737 „qui aliquam uxoris consanguineam, quae illam in tertio vel alio deinceps gradu
689 671 726 801 „
744 722 2673 790 contingat, carnali commixtione cognoverit“; 8) de donatione per abbatem eius dioe-
755 777 2671 841 cesis facta, „si pars conventus postea reclamaverit, datae rei quantitatem et illius
731 834 2671 903 - terrae consuetudinem attendendam esse“; ac de possessionibus sub conditione donatis;
757 889 2671 951 9) „scripta autentica, si testes inscripti decesserint, nisi forte per manum publicam
755 945 2673 1009 fuerint facta, aut sigillum autenticum habuerint, non videri sibi alicuius firmitatis
757 998 2671 1068 robur habere“. Gilberti Foliot epist. ed. Giles II. 99, (App. conc. Lat. VII. 14,
766 1051 2671 1117 VIII. 5, X. 8. 9. 10, XII. 1, XXVIII. 1. 9, XXIX. 3, cf. ibid. X. 27, Coll. Lips.
766 1108 2673 1174 VI. 1, XXIII. 21, XXXV. 14, XLIII. 7, XLVII. 9. 10. 11, LX. 1, Coll. Cass. XVIII. 1,
760 1163 2671 1230 XXVII. 2, XXXV. 17, XLII. 15, XLVIII. 4, LI. 7. 9. 10, LIX. 1, Coll. Bamb. VI. 1,
762 1210 2671 1285 XXXIII. 14. XXXIX. 4, LII. 1, LXII. 6. 8. 9, Comp. I. L. I. t. 21. c. 12, L. 2.
760 1267 2671 1340 t. I. c. 3, L. 2. t. 15. c. 2, L. 2. t. 20. c. 9. 10. 11, L. 3. t. 5. c. 14, L. 3. t. 34.
757 1322 2668 1391 c. 8, L. 4. t. 5. c. 3, L. 4. t. 20. c. 6, Decr. Greg. L. II. t. 22. c. 2, L. II. t. 28.
760 1389 2673 1446 c. 9. 10. 11, L. III. t. 24. c. 3, L. III. t. 39. c. 8, L. IV. t. 5. c. 4, L. IV. t. 6. c. 3).
762 1439 2673 1499 — „Meminimus nos ex“ „Miminimus ex parte“ „Ceterum cum aliquam“ „Super eo
757 1492 2675 1559 quod“ „De appellationibus“ „De monachis autem“ „Praeterea illi qui“ „Si aliquis
757 1539 2671 1614 parochianorum“ „Si quis parochianorum“ „Ceterum si abbatem“ „Verum cum alicui“
757 1607 1687 1671 „Si autem lis“ „Scripta vero autentica“.
707 1654 2677 1724 13163 (8627) R(ogero), episcopo Wigorniensi, mandat, ut virum, qui dimissa uxore
757 1715 2673 1777 aliam duxerit, „si prior mulier et secunda se in prima vel in secunda consanguini-
757 1771 2671 1832 tatis linea contingant, faciat utraque carere et sine spe coniugii perpetuo manere;
755 1828 2671 1890 si eas in tertio gradu sese attinere constiterit, virum a secunda compellat recedere,
755 1881 2671 1947 et priorem sicut uxorem suam recipere“. Gilberti Foliot epist. ed. Giles II. 102,
755 1936 2668 2002 (App. conc. Lat. VI. 15, Coll. Lips. LIX. 27, Coll. Cass. LVIII. 16, Comp. I. L. 4.
757 1996 1588 2049 t. 13. c. 2). — „Ad aures nostras“.
707 2038 2677 2104 13164 (8628) (Rogerum), episcopum Wigorniensem, rogat, ne fratribus de Oseneia ec-
757 2100 2673 2161 clesiam de Beibur adimat. Gilberti Foliot epist. ed. Giles II. 103, Coll. Lips. XVI 20,
755 2155 2675 2221 Comp. I. L. 3. t. 9. c. 3, Decr. Greg. L. III. t. 10. c. 3. — „Cum nos tibi“ „Cum
760 2212 1168 2265 nos iam pridem“.
707 2252 2677 2329 13165 (8629) R(ogero) episcopo Wigorniensi et priori Panteiano mandat, iudicent inter
757 2318 2677 2382 monachos de Aera (al. Atra, Acra) et monachos de Cadonio (al. Gadono, Ganono).
764 2373 2677 2433 App. conc. Lat. II. 12, Coll. Lips. I. 7, Coll. Cass. XIII. 7, Coll. Bamb. I. 6, Comp. I.
757 2420 2529 2495 L. 5. t. 2. c. 14, Decr. Greg. L. V. t. 3. c. 15. — „Querelam monachorum“.
709 2484 2680 2546 13166 (8630) R(ogero) episcopo Wigorniensi (al. abbati de Evesham) mandat, ut inter
757 2535 2677 2597 fratres monasterii Dunelmensis et monachos S. Albani iudicium faciat. App. conc.
757 2594 2677 2656 Lat. XXXVI. 3. 4, Comp. I. L. 1. t. 15. c. 5, Comp. II. L. 2. t. 1. c. 2, Decr. Greg.
760 2641 2655 2720 L. I. t. 23. c. 5, L. II. t. 1. c. 9. — „Causam, quae vertitur“ „Archidiaconis de“.
676 2700 1014 2793 1164 —1179.
707 2769 2682 2848 13167 Monasterii S. Mariae Vallis-egis tutelam suscipit, possessionesque et privilegia
757 2844 2682 2912 confirmat, petente Balduino. abbate. (Vid. infra ep. num. 13499.) Desilve Analyse d'un
755 2892 1858 2972 cartul. du Valroy p. 88. — „Quotiens illud a“.
676 2956 989 3043 1164. 1179.
156 3014 366 3144 Apr. 24.
711 3029 2682 3109 13168 Monasterii S. Bartholomaei (d. Pennensis) bona et pririlegia confirmat. Wiener
762 3093 2680 3162 Sitzungsber. XCIV. 675. (Kaltenbrunner mecum communicavit, in tabularii reg. Flo-
764 3164 2680 3228 rent. catalogo LXVIII. legi: „24. Apr., Ind. XII.“. Alia igitur signa chronologica,
762 3217 2070 3286 archetypo addita, neglegentia scriptoris omissa videntur.)
680 3268 1016 3365 1166— 1179.
154 3345 380 3416 Febr. 20.
421 3294 647 3429 Laterani
713 3343 2682 3416 13169 (8631) Praeposito et capitulo Vibergensi significat, se parthenonis S. Margarethae
766 3403 2680 3493 Asmialdensis protectionem suscepisse. Thorkelin Diplom. Arna-Magn. I. 23, Migne
766 3462 1752 3562 200 p. 1198. — „Pastoralis officii debito“.
194 3513 746 3617 negets Pont Romas pe ece I.
2335 3502 2408 3612 4„
941 154 1866 260 ALEXANDER III. 1159—1181.
2545 150 2671 258 329
