3007 3975
302 185 433 269 330
850 333 1182 417 1166—1179.
326 395 543 527 Pebr 23.
598 379 813 538 1aterani
881 390 2850 481 13170 (8632) Clericis per archidiaconatum Berkesire constitutis concedit, „ne canes vel
934 470 2845 534 accipitres archidiacono cogantur exhibere, nec eum pluries, quam semel in anno re-
934 532 2845 589 cipere, tunc ei per diem unum et noctem necessaria ministraturi, cum septem tantum
932 583 2845 651 equitaturis et personis totidem et tribus servientibus peditibus“. Rymer Foedera I. 43,
934 636 1886 704 Migne 200 p. 1194. — „Cum nobis sit“.
360 677 541 750 „ 27.
667 682 762 799 „
885 684 2845 753 13171 Decano et capitulo Laudunensi concedit, ne quis sine rationabili causa eos ex-
932 753 2845 808 communicet vel suspendat; sententiam in malefactores ecclesiae promulgatam a quo-
930 799 2578 859 quam relaxari vetat Pflugk-Harttung Acta I. 265. — „Si quando ab“.
357 845 541 929 „ 27.
669 843 757 929 „
881 845 2847 914 13172 Monasterio Eveshamiensi asserit prioratum de Othevesia in Dacia, ab Heinrico
934 918 2845 976 rege collatam suasore Hubaldo episcopo dioecesano. Ex cod. Mus. Brit. Harleian.
930 960 2487 1024 3763 f. 95. Dedit b. m. Karolus Pertz. — „Cum devoti ecclesiae“.
360 998 541 1086 „ 28.
667 1002 757 1108 „
883 1015 2847 1082 13173 Monasterio Eveshamiensi ecclesiam de Hildenduna et capellam de Uxebria asserit.
932 1075 2847 1137 Ex cod. Mus. Brit. Harleian. 3763 f. 95. Dedit b. m. Karolus Pertz. — „Iustis pe-
930 1124 1383 1194 tentium desideriis“.
324 1166 543 1291 Mart. 3.
660 1170 766 1247 „
881 1168 2847 1249 13174 Archidiaconis et ministerialibus episcoporum, in quorum iurisdictione ecclesiae
930 1243 2847 1300 S. Petri Gandensis consistunt, praecipit, ne eas interdicto vel eorum cappellanos ex-
934 1298 2845 1358 communicationi sine ordine iudiciario subiiciant. Lokeren S. Pierre à Gand p. 153.
934 1347 1628 1408 n. 258. — „Ea que ab aliis“.
355 1389 536 1470 „ 3.
667 1391 762 1530 „
881 1395 2847 1466 13175 Episcopo Morinensi et abbati S. Bertini significat, „quod, cum ecclesia S. Petri
930 1461 2845 1521 Gandensis, quantum in memoria hominum sit, id iuris hactenus habuerit inconcusse,
930 1517 2843 1576 quod in burgo Gandensi nullus sine fratrum assensu scolas regere praesumat, quan-
930 1572 2843 1631 dam (leg. quidam) libertatem legendi per laicam violentiam acceptantes, tali iure
932 1627 2841 1687 nitantur eos spoliare“. Mandat, ut si ita est, ecclesiae memoratae scholarum regimen
927 1671 2803 1740 adiudicent. Lokeren S. Pierre à Gand p. 153 n. 259. — „Ex parte dilectorum“.
351 1718 539 1799 „ 4.
669 1651 755 1804 „
879 1733 2841 1799 13176 Episcopo, decano, capitulo et clero Carnotensi petentibus, „claustri Carnotensis,
930 1795 2845 1850 domus et servientium ecclesiarum libertatem et immunitatem“ confirmat. Lépinois
930 1846 2512 1903 et Merlet Cartul. de N.-D. de Chartres I. 168. — „Cum a tempore“.
351 1883 539 1972 „ 5.
673 1888 744 2018 „
883 1892 2843 1958 13177 Abbati et conventui Eveshamensi prioratum de Penewortham asserit. Mon.
932 1947 2174 2011 Angl. nov. ed. III. 419. — „Iustis filiorum ecclesiae“.
349 1989 539 2095 „ 7.
665 1996 744 2117 „
879 1996 2843 2073 13178 (8633) Rainardum sacerdotem (Thietmarscellensem?) eiusque bona tuenda suscipit
934 2069 2841 2124 ac liberam ei appellandi sedem apostolicam facultatem concedit. Pflugk-Harttung
932 2115 2554 2179 Acta III. 266, (Lang Regesta I. 236). — „Apostolice sedis clementia“.
355 2157 541 2248 „ 7.
673 2161 744 2256 „
881 2170 2843 2239 13179 (8634) Monasterii S. Petri Wessenbrunnensis protectionem suscipit. Pflugk-Hart-
925 2221 2375 2296 tung Acta II. 371, (Lang Regesta I. 236). — „Pia desideria“.
349 2263 536 2351 „ 8.
676 2272 737 2391 „
879 2281 2841 2345 13180 Monasterii S. Fromundi ecclesias quasdam in Normannia et Anglia sitas con-
925 2334 2839 2411 firmat. Authent. cop. a. 1260 in Arch. dép. de la Manche in St.-L6. Fonds de St.-
925 2391 1897 2451 Fromond. — „Iustis petentium desideriis“.
351 2440 536 2521 „ 11.
665 2431 744 2526 „
881 2431 2843 2513 13181 (8635) Episcopo Cabilonensi et abbati de Firmitate mandat, cogant milites de
925 2504 2841 2563 Chabanes et Arduinum de Sala et Guidonem Ruffum et R. de Lent, ut ablata mo-
925 2548 2841 2630 nasterio Trenorciensi reddant. Iuenin Nouv. hist. de Tournus Pr. p. 177, Migne 200
925 2616 1672 2676 p. 1194. — „Ad aures nostras“.
349 2650 532 2758 „ 13.
669 2661 742 2771 „
877 2661 2841 2729 13182 (8636) Bituricensem et Vesontionensem archiepiscopos ac I(ohannem), episcopum
925 2720 2841 2784 Pictaviensem, apostolicae sedis legatum, ad tuenda bona monasterii Trenorciensis
925 2778 2839 2855 cohortatur. Iuenin Nouv. hist. de Tournus. Pr. p. 177, Migne 200 p. 1195. — „Cum
925 2828 1206 2899 dilecti filii“.
355 2855 532 2970 „ 14.
665 2888 746 2987 „
874 2862 2839 2948 13183 (8637) Monasterio Neresheimensi ecclesiam Harthusanam asserit. Wirtemberg-
923 2930 2032 2998 Urkundenb. II. 129. — „Officii nostri debitum“.
355 2976 536 3078 „ 14.
658 2985 753 3078 „
874 2981 2841 3056 13184 (8638) N(icolo) priori et fratribus S. Sepulcri Hierosolymitani concedit ecclesiam
923 3045 2839 3113 S. Egidii, „quae Romae iuxta portam Auream et prope ecclesiam b. Petri consistit
923 3102 2839 3166 cum hospitali domo sibi contigua“. Monet, ut „ad ecclesiae regimen de maturioribus
923 3160 2839 3219 et magis honestis personis maturius destinent“. Rozière Cartulaire du saint sépulcre
923 3206 2185 3281 p. 272, Mige 200 p. 1196. — „Multiplicis devotionis“.
349 3235 532 3358 „ 14.
656 3250 757 3347 „
874 3263 2836 3332 13185 Fratribus Troarnensibus ecclesias S. Mariae de Piro et S. Geminiani de Caingneio
925 3321 2834 3387 asserit. (Fragmentum). In bibl. nat. Paris. Chartul. Troarnensi ms. lat. 10086.
923 3372 2063 3436 s. XIV. f. 108. — „Iustis (petentium desideriis“).
346 3414 536 3553 „ 14.
645 3411 753 3522 „
872 3418 2834 3498 13186 Episcopo Basiliensi praecipit, ut monasterii S. Albani invasores „praeter (Ber-
923 3480 2834 3599 dholdi Xaringiae) ducis personam excommunicatos. sed ecclesias in Guestu dlius et
1117 178 2041 278 ALEXANDER III. 1159—1181.
