3007 3975
682 300 1014 390 1166— 1179.
766 357 2686 454 potestate aliorum constitutas interdictas“ denuntiet. Schöpflin Hist. Zaringo-Bad. V.
766 441 2260 499 110, Trouillat Mon. de BAle I. 346. — „Ex gravi conquestione“.
428 483 647 574 Laterani
711 485 2688 554 13187 Archiepiscopo Senonensi ignificat, monasterii Vallislucentis fratres, sicuti alios
161 428 377 567 Marnt. 15.
766 554 2686 611 ordinis Cisterciensis fratres, a solvendis decimis laborum, quos propriis manibus ex-
762 602 2198 666 colant, immunes esse. Quantin Cart. gén. de l'Vonne II. 159.
713 655 2684 730 13188 Confirmat capituli Rotomagensis statutum, ut quae canonici decedentes super
196 638 377 733 „ 15.
497 664 594 788 „
766 715 2684 775 fructibus praebendae et „rebus communitatis“ statuerint, usque ad finem anni, quo
766 770 2684 828 obierint, vigorem habeant. („Id. Martii“.) Pflugk-Harttung Acta I. 265, ubi ex auto-
764 821 2684 894 grapho, quod vidi in tabul. Rotomagensi G. 3629, textus menda et temporis notae
762 878 1718 945 corrigendae sunt. — „Significastis nobis“.
713 925 2686 1000 13189 Fratribus Maricolensibus decumarum immunitatem concedit. In bibl. nat. Paris.
194 929 373 1004 „ 15.
497 929 585 1007 „
760 991 1827 1053 Coll. Moreau 70. f. 239. — „Religiosis votis“.
715 1037 2682 1106 13190 Concordiam inter abbatem S. Dionysii et nobilem virum R. de Roseto super
192 1031 371 1130 „ 15.
494 1037 587 1132 „
764 1101 2680 1161 medietate wionagii de Chaurza aliisque factam confirmat. Autograph. in tabular. nat.
755 1150 1911 1216 Paris. L. 230 n. 29s. — „Ea quae compositione“.
709 1203 2682 1272 13191 Monasterio S. Petri Gandensi ecclesias duas asserit. Lokeren St. Pierre à Gand
190 1194 375 1280 „ 18.
494 1212 578 1276 „
757 1254 1690 1331 p. 154. — „Iustis petentium desideriis“.
192 1316 371 1389 „ 27.
711 1305 2680 1380 13192 Magistro Petro Longo praebendam in ecclesia de Dairago asserit. Pflugk-
499 1316 583 1406 „
757 1369 2675 1433 Harttung Acta III. 266, (Wiener Sitzungsber. XCIV. 675). — „Iustis petentium desideriis“.
704 1422 2675 1488 13193 (8639) Ab abbatibus S. Dionysii bona monasterii parentibus aut aliis dari, „pe-
190 1408 371 1501 „ 28.
494 1391 585 1497 „
755 1486 2677 1543 cuniamque ultra centum libras sine assensu totius capituli, vel maioris et sanioris
757 1537 2677 1605 partis mutuo suscipi“, vetat. Monachis interdicit, ne „quicquam sine consensu abbatis
757 1585 2677 1654 ab alio mutuo recipiant“. Statuit, „ut abbas sigillum proprium habeat“. (Facsimile
757 1645 2675 1715 bullae in) Nouveau Traité V. 274; Doublet Hist. de St. Denys p. 508, Migne 200 p. 1196.
762 1704 1402 1768 — „Profectibus monasterii“.
709 1755 2673 1819 13194 Ecclesiae S. Gengulfi Tullensis „libertatem in eligendis canonicis“ confirmat. In
185 1704 368 1824 „ 28.
490 1757 583 1824 „
760 1806 2673 1870 tabul. nat. Paris. Cart. de S. Gengoul s. XIV. LL. 986. f. 25b. — „Propositi nostri est“.
187 1855 366 1936 „ 30.
704 1866 2673 1927 13195 Canonicis S. Deodati indultas a Romanis pontificibus immunitates et libertates
490 1866 585 1936 „
753 1919 2262 1980 confirmat. Pflugk-Harttung Acta I. 266. — „Votis et desideriis“.
704 1976 2673 2038 13196 (Alberto) episcopo Frisingensi petente, „ecclesiam S. Iohannis baptistae, aliasque
185 1958 368 2051 „ 31.
481 1967 589 2060 „
753 2036 2673 2102 dotes, quas altaribus in consecratione in decimis sive bonis aliis contulerit, eisdem
753 2093 2671 2150 altaribus confirmat“. Oberbayerisches Archiv XII. 223, Pflugk-Harttung Acta III. 267.
762 2142 1520 2212 — „Cum peticiones singulorum“.
707 2192 2671 2261 13197 (8640) A(lberto), episcopo Frisingensi, scribit, „ut praepositus, decanus et ma-
152 2184 366 2259 Apr. 1.
486 2188 576 2256 „
757 2252 2671 2320 gister scholarum locum et vocem habeant in choro et capitulo“. Pflugk-Harttung
751 2309 2087 2376 Acta II. 371, (Lang Regesta I. 236). — „Que in sacris“.
702 2360 2668 2431 13198 (8641. 8658) Episcopo Meldensi concedit, „ne in episcopatu eius alicui liceat
183 2349 362 2438 „ 1.
472 2351 578 2475 „
748 2420 2668 2477 ecclesiam parochialem tenere, nisi ei in persona propria voluerit deservire, salva mi-
748 2466 2666 2537 sericordia circa eos, qui infirmitatis vel alia causa canonica impediente, suam non
753 2521 2666 2592 potuerit praesentiam exhibere“. Martene et Dur. Vet. Script. I. 944, Launoii Opp.
748 2574 2664 2650 III. Ir. 343, Mansi XXI. 1080, Migne 200 p. 1197, (Du Plessis Hist. de Meaux II. 65,
753 2632 2509 2696 Theodori Poenitentiale II. 425, Migne 200 p. 1201). — „Sicut ad officium“.
698 2683 2666 2758 13199 (8694) Episcopo Spirensi, abbatibus, archidiaconis, praepositis et presbiteris in
183 2678 364 2764 „ 3.
481 2689 576 2793 „
748 2749 2666 2806 eius episcopatu constitutis mandat, ne a fratribus Maulbronnensibus vel aliorum mo-
751 2809 2664 2864 nasteriorum ordinis Cisterciensis „de novalibus vel de aliis terris, quas propriis ma-
748 2853 2662 2921 nibus et sumptibus excolant, vel de nutrimentis animalium decimas exigi“ patiantur.
751 2906 2127 2968 Wirtemb. Urkundenb. II. 130. — „Audivimus et audientes“.
698 2959 2664 3027 13200 Sententiam ab archiepiscopo Rotomagensi inter monachos S. Ebrulfi et moniales
190 2948 360 3027 „ 4.
486 2959 576 3089 „
746 3023 2662 3085 de Vilers latam de decumis quibusdam confirmat. Ex chartul. S. Ebrulfi I. 161 in
748 3067 2202 3133 bibl. nat. Paris. Misit Delisle. — „Iustis petentium desideriis“.
698 3129 2662 3191 13201 Monasterio S. Benedicti super Padum decimas quorundam locorum, a T(heobaldo)
176 3082 364 3217 „ 4.
479 3109 581 3250 „
748 3186 2657 3250 quondam episcopo Veronensi concessas, asserit. Pflugk-Harttung Acta III. 267. —
748 3237 1400 3301 „Iustis petentium desideriis“.
695 3290 2662 3356 13202 In parthenone Montis-martyrum Parisiensi plus quam sexaginta sorores admitti
183 3272 360 3356 „ 4.
481 3281 570 3356 „
746 3350 1995 3418 vetat. Loewenfeld Epistolae p. 171. — „Vigili cura“.
698 3392 2657 3471 13203 Monasterii S. Dionysii decimas quasdam confirmat. Autogr. in tabul nat. Paris.
176 3394 362 3495 „ 4.
466 3396 578 3524 „
746 3458 1824 3557 L. 231 n. 44. — „Iustis petentium desideriis.“
2297 3506 2383 3599 42*
952 143 1880 236 ALEXANDER III. 1159—1181.
2558 156 2686 242 331
