3007 3975
309 176 435 262 332
855 311 1188 401 1166—1179.
326 368 543 496 Apr. 4.
596 348 815 507 Lateram
888 379 2861 463 13204 A fratribus militiae templi Hierosolymitani decimas de novalibus seu de nemo-
936 454 2858 516 ribus exstirpatis aut de nutrimentis animalium exigi vetat. Prutz Malteser Urk. p. 39.
938 514 2056 571 — „Officio nostro congruente (corr. congruere“).
362 547 547 644 „ 9.
676 554 755 651 „
888 556 2858 629 13205 Canonicis Bononiensibus ecclesiam Buitensem concedit. Wiener Sitzungsber.
943 622 1851 680 XCIV. 676. — „Si quando postulatur“.
362 658 547 746 „ 10.
667 651 762 750 „
890 673 2861 733 13206 Domui hospitali de Feliciano, a (Willelmo III.) Montisferrati marchione con-
936 733 2779 788 sructae, privilegium dat. Pflugk-Harttung Iter p. 285. — „Cum dilectus filius“.
364 768 541 918 „ 10.
676 768 755 894 „
888 777 2861 843 13207 Archiepiscopo Vesontionensi eiusque suffraganeis ac Lingonensi et Tullensi epi-
941 836 2861 905 scopis, abbatibus, archidiaconis, praepositis et presbyteris, in eorum episcopatibus con-
938 896 2861 951 stitutis, mandat, ne a fratribus Bcllae-vallis et Clari-fontis, sicut nec ab aliis ordinis
936 947 2861 1009 Cisterciensis fratribus „decimas de novalibus vel de aliis terris, quas propriis manibus
943 998 2858 1064 vel sumptibus excolant, sive de nutrimentis animalium“ exigi patiantur. Cartul. de
941 1057 2861 1124 Bellevaux, Coll. Moreau 870. f. 142 in bibl. nat. Paris. — „Audivimus et au-
936 1115 1144 1179 dientes“.
368 1154 550 1236 „ 10.
678 1166 757 1278 „
890 1161 2856 1236 13208 Fratres S. Germani de Pratis Parisiensis a solvendis decumis liberat Autogr.
934 1216 2414 1280 in tabul. nat. Paris. L. 230. n. 296. — „Iustis postulationibus“.
360 1258 547 1351 „ 12.
673 1267 757 1391 „
890 1278 2858 1344 13209 (8642) Ecclesiae Ulciensis protectionem suscipit. Ulciensis eccl. chartar. p. 20,
938 1331 2861 1397 cuius textus corrigendus est ex Miscell. di stor. ital. XX. 573. — „Cum ex aposto-
936 1391 1100 1444 latus“.
366 1428 550 1510 „ 12.
678 1424 760 1548 „
890 1433 2863 1503 13210 (8643) Archiepiscopis et episcopis, in quorum episcopatibus monachi S. Nicolai An-
941 1495 2861 1556 degavensis possessiones habent, significat, se monasterii eorum protectionem suscepisse.
941 1554 2567 1609 Lepeletier Mon. S. Nicolai Andegav. p. 80. — „Notum facimus vobis“.
371 1590 547 1682 „ 13.
678 1592 760 1731 „
890 1605 2861 1673 13211 Fratribus S. Petri-vivi Senonensibus iura ac bona quaedam asserit. Quantin
941 1665 2394 1718 Cart. gén. de I'Vonne II. 303. — „Iustis petentium desideriis“.
368 1698 550 1793 „ 15.
671 1713 768 1824 „
890 1707 2863 1779 13212 Abbati et capitulo S. Bavonis Gandavensi concedit, „ut possessiones, quas ho-
943 1775 2861 1835 mines eorum a monasterio in feudum vel ad censum teneant, in pignus recipiant,
941 1824 2861 1885 ita quod fructus, quos de ipsis possessionibus receperint, in sortem non teneantur
941 1879 2786 1938 computare.“ Lokeren Hist. de S. Bavon p. 200. — „In his, que rationabiliter“.
368 1916 550 2007 „ 17.
671 1919 773 2051 „
892 1936 2863 1998 13213 Pactum inter monasterium Trium-fontium ac Robertum et Anselmum, fratres de
943 1980 2861 2064 Beslemo, ab episcopo Trecensi et decano Vitriacensi factum comprobat. Pflugk-Hart-
941 2047 2023 2106 tung Acta I. 266. — „Ex litteris venerabilis“.
366 2084 550 2177 „ 22.
678 2097 768 2184 „
890 2095 2863 2159 13214 Bulla pro prioratu, ut videtur, Bohonensi. Inventaire des titres du prieuré de
943 2155 2863 2226 Bohon f. 108 in Arch. dép. d'Indre et Loire in Tours. (Indicavit Delisle. Ex sche-
943 2210 1199 2270 dis Jafféi).
371 2250 552 2349 „ 23.
669 2197 768 2349 „
890 2250 2863 2329 13215 (8644) Archiepiscopo Bituricensi, et Claromontensi atque Aniciensi episcopis
943 2318 2861 2380 mandat, ut sententiam, pro monasterio Trenorciensi promulgatam per iudices a sese
941 2371 2858 2440 delegatos, observandam curent. luenin Nouv. hist. de Tournus Pr. p. 178, Migne 200
943 2429 1699 2488 p. 1197. — „Nulla vel modica“.
373 2473 552 2550 „ 23.
682 2477 760 2599 „
892 2471 2863 2555 13216 (8645) *Archiepiscopo Viennensi eadem mandat. luenin Nouv. hist. de Tournus
941 2541 1215 2599 Pr. p. 178.
368 2581 550 2680 „ 26.
673 2579 768 2718 „
892 2588 2861 2656 13217 Abbatibus, prioribus et aliis in Glasguensi episcopatu praesentationes ecclesiarum
943 2650 2861 2707 habentibus mandat, ut episcopo suo personas idoneas praesentent, qui curam anima-
945 2707 2858 2764 rum ab eo suscipiant. Addit de reducendis censibus in eorum ecclesiis institutis.
943 2753 2138 2815 Registrum ep. Glasg. I. 25. — „In eo sumus loco“.
366 2795 550 2877 „ 28.
676 2806 766 2886 „
892 2804 2861 2879 13219 Monasterio S. Nicolai de Pratis (Ribomontensis) „beneficium de Chieuresis, quod
941 2868 2858 2934 dicitur presbyterium“, asserit. Stein Cart. de St. Nicol. des Prés sous Ribem. p. 37.
941 2919 1685 2990 — „Iustis petentium desideriis“.
320 2950 567 3093 Mar. Mai.
678 2932 764 3104 „
897 2970 2861 3040 13220 Quae monasterio S. Illidii (Claromontensi) Fulco de Galinec in eleemosynam
945 3029 2856 3098 legavit, ea confirmat. (Non. Ma . .“.) Mém. de Lacad. de Clermont-Ferrand XIX. 276,
945 3082 2372 3149 Mon. pont. Arverniae p. 285. — „Iustis petentium desideriis“.
338 3120 554 3210 Mai 7.
678 3127 760 3217 „
892 3133 2856 3204 13221 A canonicis Placentipis decimas de terris vel de nutrimentis animalium exigi
943 3186 2476 3263 vetat. Wiener Sitzungsber. XCIV. 676. — „Ad nostrum non est“.
364 3241 554 3389 „ S.
658 3257 768 3400 „
894 3239 2856 3314 13222 Canonicis S. Antonini Placentinis indulget, ut „fidelitas, quam Hugo, quondam
952 3308 2856 3365 Tusculanus, tunc Placentinus episcopus ab eorum praeposito extorserit, nullum prae-
945 3356 2854 3420 iudicium afferat, maxime cum usque ad illa tempora nullus praepositus S. Antonini
943 3409 2852 3495 fidelitatem praestiterit episcopis Placentinis“. Wiener Sitzungsber. XCIV. 676. —
945 3462 1462 3570 „In apostolicae sedis“.
1120 161 2048 258 ALEXANDER III. 1159—1181.
