3007 3975
700 293 1036 382 1166— 1179.
176 348 397 441 Mai. 9.
446 353 660 446 Laterani
731 351 2704 446 13223 Clero et populo Toletano nuntiat, sese archiepiscopo eorum mandasse, ut inter
782 424 2702 492 B. archipresbyterum et clericos Toletanos iudicet. Neues Archiv VI. 294. — „Cum
782 485 1071 541 dilecti filii“.
212 527 397 609 „ 11.
517 536 616 611 „
735 527 2704 600 13224 Archiepiscopo Toletano mandat, curet ut episcopus Seguntinus possessionem, quae
784 585 2699 653 dicitur Lizeras, quondam ei ab episcopo Oxomensi pignori datam, fructibus ex ea
782 642 2704 713 abunde perceptis, ecclesiae Oxomensi restituat. Neues Archiv VI. 369. — „Proposuit
782 704 954 766 nobis“.
214 746 393 830 „ 15.
512 759 616 830 „
731 757 2704 821 13225 Archiepiscopis, episcopis, abbatibus et universis ecclesiarum praelatis mandat, ut
784 812 2702 878 parrochianos, qui aliquem fratrum hospitalis Hierosolymitani, pro colligendis ele-
784 867 2704 929 mosinis in eorum partes destinatorum, „ceperit vel de suis equitaturis deiecerit aut
784 929 2704 991 alias inhoneste tractaverit“, excommunicatos denuntient. Autogr. in tab. nat. Paris.
784 984 1584 1044 L. 249 n. 23. — „Quanto maior“.
212 1004 393 1099 „ 15.
519 1004 618 1108 „
733 1035 2706 1095 13226 Archiepiscopos, episcopos, abbates, (priores) et alios ecclesiarum praelatos hor-
782 1079 2704 1152 tatur, moneant populum, ut xenodochio Hierosolymitano subveniant. De hospitalario-
782 1135 2585 1201 rum privilegiis addit. Pflugk-Harttung Acta I. 267. — „Quam amabilis Deo“.
212 1194 393 1278 „ 16.
517 1190 618 1302 „
733 1199 2699 1263 13227 Hu(gonis) archiepiscopi et canonicorum ac consulum Ianuensium possessiones,
786 1256 2697 1320 in Arborensi et Caralitano iudicatibus (in Sardinia) sitas, confirmat. Hist. Patr. Mon.,
779 1305 2489 1375 Cod. dipl. Sard. I. 224 et Lib. iur. gen. II. 20. — „Sacrosancta Romana“.
205 1296 395 1428 „ 1r.
514 1358 616 1437 „
731 1351 2699 1428 13228 (8646) Ecclesiae et civitati Senensi asserit possessiones a Florentinis concessas.
784 1417 2702 1490 Muratori Ant. It. VI. 399, Pecci St. di Siena p. 165, Migne 200 p. 1198. — „Ex
782 1475 1142 1541 tenore publici“.
212 1523 391 1607 „ 23.
505 1519 616 1669 „
733 1521 2702 1594 13229 Quae capitulo Bituricensi Erm(engardis), nobilis mulier, hereditatis nomine ita
784 1581 2702 1643 concessit, ut, dum viveret, certos redditus haberet, ea confirmat. In bibl. nat.
782 1640 2702 1715 Paris. Cartul. de Bourges, ms. lat. nouv. acqu. 1274. s. XIII. f. 14. — „Ad aures
777 1693 992 1757 nostras“.
212 1722 395 1819 „ 23.
510 1742 614 1821 „
731 1726 2702 1813 13230 Fratribus Montis lovis concessum ab Amedco, quondam comite Maurianensi,
784 1797 2702 1866 privilegium, ut cuique hominum eius liceat, de feodo suo monasterio tribuere, con-
779 1852 2702 1923 firmat. Mém. et docum. de la Suisse Romande XXIX. 107. — „Relatum est
777 1910 1000 1978 auribus“.
212 1936 395 2042 „ 25.
512 1956 616 2051 „
729 1956 2702 2031 13231 Parthenonis Fontissomini (seu Fervaquensis) altaria, a diocesanis episcopis
784 2029 2702 2084 collata, aliaque bona confirmat. Autogr. in tab. nat. Paris. L. 253 n. 295. — „Ea
777 2078 1153 2146 quae religiosis“.
209 2086 393 2197 „ 27.
514 2131 603 2203 „
731 2113 2702 2199 13232 *Fratribus S. Columbae Vapincensibus privilegium dat. Goiffon Bull. de St.-
777 2184 1084 2245 Gilles p. 91.
209 2239 393 2316 „ 29.
519 2250 600 2309 „
731 2245 2697 2307 13233 Ecclesiae S. Mariae de Montemorelli ecclesiam de Presse aliasque confirmat.
777 2294 2697 2358 Orig. in Arch. dép. de la Manche in St.-L5, H. 13413. — „Iustis petentium desideriis“.
207 2336 393 2413 „ 30.
517 2356 605 2426 „
733 2351 2697 2418 13234 (8647) Canonicorum ecclesiae Caesenatis possessiones confirmat. Ughelli It. sacr.
779 2398 2204 2473 II. 451, Migne 200 p. 1198. — „Iustis petentium desideriis“.
174 2451 395 2546 Iun. 9.
510 2460 607 2548 „
729 2451 2697 2526 13235 Fratribus S. Petri Gandensibus indulget, ne quis decimas ad eorum ecclesiam
779 2510 2695 2592 pertinentes alienare praesumat. Lokeren St. Pierre à Gand p. 155. n. 263. — „Officii
779 2579 1162 2630 nostri debitum“.
212 2610 391 2689 „ 10.
501 2610 607 2749 „
726 2619 2697 2691 13236 V(illanum) archipresbyterum et canonicos Pisanos hortatur, ne fratres Pulsanenses
777 2676 2695 2744 super ecclesia S. Michaelis de Urticaria, ab U. quondam archiepiscopo concessa, in-
777 2740 2695 2802 quietent, sed censu duarum librarum cerae annuatim ab eis solvendo contenti sint.
779 2789 2695 2859 Archiepiscopo Pisano mandasse se scribit, ut vice sua fundum a fratribus recipiat,
777 2839 2697 2915 quem, infra parochiam ecclesiae S. Michaelis situm, sedi apostolicae offerre voluerint.
775 2903 2003 2959 Pflugk-Harttung Acta III. 268. — „Cum olim bone“.
209 2937 391 3025 „ 13.
505 2945 605 3082 „
726 2956 2695 3018 13237 Archiepiscopo et capitulo Toletano mandat, ut clericos querentes, quod in ec-
775 3014 2697 3071 clesiis eorum clerici portionarii ecclesiae cathedralis ordinentur, dum ipsi penuria pre-
779 3058 2697 3127 mantur, submota querela in beneficia instituat. Capitulum adhortatur, ne in parochia-
779 3120 2691 3188 libus ecclesiis portionem aliquam requirat ulterius. Neues Archiv VI. 369. —
777 3177 1270 3233 „Querela clericorum“.
209 3206 391 3299 „ 15.
510 3248 605 3301 „)
729 3210 2697 3290 13238 Episcopo Brixiensi mandat, diiudicet inter (Theobaldum) episcopum Placentinum
782 3288 2695 3358 et praepositum S. Antonini, super possessione Brugneti litigantes. Pflugk-Harttung
782 3339 1703 3403 Acta III. 268. — „Causam quae inter“.
205 3378 391 3533 „ 17.
492 3334 607 3539 „
729 3380 2695 3453 13239 Capituli Corbeiensis (d. Ambian.) statutum, „ut ad reparationem et emendationem
777 3447 2691 3546 librorum bibliothecae, quae nimis senuerat, et ad constitutionem novorum librorum,
967 134 1891 236 ALEXANDER III. 1159—1181.
2573 143 2704 238 333
