3007 3975
271 150 402 238 334
817 302 1159 397 1166—1179.
901 364 2823 448 a singulis praepositis maioribus decem et a minoribus quinque solidi custodi librorum
905 446 2823 499 annis singulis persolvantur“, et redditus quosdam eidem custodi deputatos confirmat.
905 492 2819 560 Mém. de I'Institut de France XXIV. 324, Bibl. de l'éc. des chartes V. Sér. I. 498,
903 543 2618 607 Delisle Le cabinet des manuscr. de la bibl. nat. II. 124. — „Cum velitis“.
293 510 521 671 1aa. 11.
567 530 784 737 („„
852 598 2821 669 13240 Fratribus Corbeiensibus (d. Ambian.) respondet, eos qui speciale privilegium
901 662 2823 722 apostolicae sedis habeant, cogi non  posse, archiepiscopo vel alii, qui non a latere
905 715 2823 783 papae sit transmissus, aliquatenus respondere. In bibl. nat. Paris. Cart. de Corbie
905 761 2386 828 ms. lat. 17759. S., XIII. —XIV. f. 38. — „Consuluit nos vestra“.
333 817 517 896 „ 24.
636 834 733 901 „
855 821 2825 889 13241 Galwelnum et alios in episcopatu Glasguensi constitutos sub excommunicationis
905 874 2821 942 poena hortatur, ut ecclesiis, in quarum parochiis habitent, decimas solvant. („VIII.
908 934 2821 995 kal. Iul.“; cf. epistolam, quae sequitur). Registrum ep. Glasg. I. 17. — „Grave de-
905 987 1325 1044 lictum incurrunt“.
338 1024 517 1117 „ 24.
627 1013 742 1124 „
855 1031 2825 1115 13242 Episcopum Glasguensem de superiore epistola certiorem reddit. Decimarum
908 1097 2821 1166 detentores, nisi obedierint, excommunicari iubet. (Pro „VIII. kal. Iun.“ legi „VIII.
908 1150 2821 1214 kal. Iul.“ Haec et ea quae antecedit epistola eodem die datae videntur, in utraque
908 1207 2825 1278 igitur aut „Iun.“ aut „Iul.“ legendum est.) Registrum ep. Glasg. I. 18. — „Decet
908 1265 1453 1327 personas ecclesiasticas“.
335 1309 519 1389 „ 29.
636 1254 740 1393 „
857 1300 2825 1382 13243 (8649) Canonicis S. Laurentii Ulciensibus asserit ecclesiam de Foresta, ab epi-
908 1373 2825 1431 scopo Claromontensi iis collatam. Ulciensis eccl. chartar. p. 21. — „Significavit nobis“.
656 1426 722 1528 „
857 1426 2825 1488 13244 (Canonicis Carnotensibus) concedit, ut in terris malefactorum ecclesiae sacra-
908 1484 2825 1543 menta interdicant „praeter parvulorum baptisma et poenitentiam decedentium“. (Quam-
912 1537 2823 1603 quam sit intermixta haec epistola aliis Alexandri III., an sit Alexandro IV. tribuenda,
910 1585 2821 1656 dubitem; vide supra ep. 13146.) In bibl. nat. Paris. Coll. Moreau t. 69. f. 229. —
910 1640 1372 1720 „Meminimus vobis“.
826 1711 1151 1817 1171—1179.
859 1793 2830 1872 13245 Monasterii S. Petri Caziacensis tutelam suscipit et possessiones confirmat, petente
910 1863 2828 1936 Ebalo abbate. (Clausula deest, sed ex subscriptione Vitellii diac. card. SS. Sergii
910 1923 2830 1980 et Bachi liquet, bullam ante Oct. 1179 datam esse, Ebalus vero post Iun. 1171 ab-
908 1974 2828 2047 batiae regimen suscepit, vide Gall. Chr. IX. 431.) In bibl. nat. Paris. Coll. Grenier
912 2033 1782 2104 t. 22. f. 67. — „Ad hoc universalis“.
826 2097 1162 2203 1173— 1179.
304 2190 528 2270 Nov. 4.
567 2106 802 2263 Aaasnav-
859 2184 2830 2256 13246 Fratribus Sarnaiensibus bona quaedam asserit. Merlet et Moutié Cart. des Vaux
910 2250 1838 2314 de Cernay I. 59. — „Quos in servitio“.
340 2298 523 2373 „ 11.
636 2301 735 2376 „
863 2292 2830 2369 13247 (8650) In abbatia Lucernensi constructa in terra, ab Hasculpho de Suligneyo
916 2349 2828 2424 Achardo quondam episcopo Abrincensi resignata, sub praetextu quoquam a successo-
914 2411 2828 2493 ribus ipsius Hasculphi iurisdictionem exerceri vetat. Neustria pia p. 797, Migne 200
916 2464 1610 2537 p. 1199. — „Officio pietatis“.
828 2519 1164 2632 1174 1179.
863 2610 2830 2696 13248 (8651) R(ichardo), archiepiscopo Cantuariensi, totius Angliae primati et apostolicae
914 2683 2830 2749 sedis legato, et R(ogero), episcopo Wigorniensi, praecipit, ut G. clerico beneficium
914 2733 2828 2804 quoddam restituant. App. conc. Lat. XIX. 8, Coll. Cass. XXXIII. 8, Coll. Bamb.
916 2800 2830 2862 XXIII. 7, Comp. I. L. 1. t. 9. c. 8, Decr. Greg. L. I. t. 17. c. 7. — „Ex transmissa
916 2853 1383 2912 nobis conquestione“.
863 2897 2830 2979 13249 (8652) R(ichardo), archiepiscopo Cantuariensi, et R(ogero), episcopo Wigorniensi,
914 2959 2830 3027 scribit, cononicos de Pleinteim (al. Plutino, Plunnium) „non esse a ferendo testimonio
914 3018 2828 3076 super proprio negotio ecclesiae suae repellendos“. App. conc. Lat. VIII. 3, Coll.
916 3071 2830 3138 Lips. XLIII. 3, Coll. Cass. XLVIII. 2, Coll. Bamb. XXXIX. 2, Comp. I. L. 2. t. 13. c. 11,
916 3129 2397 3197 Decr. Greg. L. II. t. 20. c. 12. — „Cum nuncius canonicorum“.
830 3191 1164 3299 1175— 1179.
300 3224 521 3400 (aasa.
572 3226 808 3396 Aragrie
861 3272 2832 3358 13250 (8653) Richardo, archiepiscopo Cantuariensi, concedit, „ut infra fines Cantuarien-
914 3341 2830 3407 sis provinciae in ecclesiis ad iurisdictionem Cantuariensis ecclesiae pertinentibus, aut
916 3398 2830 3462 in ecclesiis, quae specialiter b. Petri iuris existunt, nemini nisi Cantuariensi archi-
916 3451 2828 3551 episcopo, rel ecclesia vacante, ei, qui rices eiusdem archiepiscopi geret, reges coro-
1084 147 2014 240 ALEXANDER III. 1159—1181.
