3007 3975
678 306 1003 395 1175 — 1179.
757 373 2682 454 nare liceat vel inungere“. („Dat. IIII. Novemb.“) Rymer Foedera I. 26, Migne 200
755 450 1500 516 p. 1199. — „Quanto maiorem“.
673 514 1016 607 1176—1179.
704 602 2680 671 13251 Abbati S. lohannis de Valeia mandat, „ut in capella leprosorum, infra parochiam
757 666 2677 724 de Curvavilla constructa, presbyterum ponat, sicut institutum sit a W(illelmo) archi-
755 722 2677 783 episcopo Remensi, apostolicae sedis legato, dum Carnotensis ecclesiae regimen haberet.“
757 772 2675 836 (De tempore cf. notam ad 13279.) Ex Chartul. S. Ioh. in Valle ms. lat. 5481 f. 174
757 825 2030 889 in bibl. nat. Paris. Misit Delisle. — „Pervenit ad nos“.
711 885 2680 947 13252 Monasterii S. Theoderici patrocinium suscipit possessionesque ac privilegia con-
757 940 2680 1002 firmat, petente Herberto abbate. Statutum b. m. Samsonis et W(illelmi), apostolicae
757 995 2680 1055 sedis legati, archiepiscoporum Remensium, super hominibus villae S. Theodorici factum
760 1055 2680 1115 observari vult. (Bulla anno 1177 data videtur, cf. Gall. Chr. II. 190. Certe data
757 1106 2677 1174 est ante m. Mart. 1179, vide notam ad ep. 13279.) In bibl. nat. Paris. ms. lat.
762 1157 1877 1225 13820 f. 24. — „Religiosam vitam eligentibus“.
673 1214 1016 1329 1178— 1179.
709 1309 2682 1384 13253 Capitulo Catalaunensi praecipit, ut aut W. lerico beneficium in ecclesia assignare
760 1382 2680 1439 ulterius non recusent aut litteras bullatas, quas in excusationem suam proferant, (Wil-
755 1433 2677 1495 lelmo) archiepiscopo Remensi ostendant. Loewenfeld Epistolae p. 171. — „Super labore“.
707 1490 2680 1556 13254 Clerico cuidam archidiaconatum Coventrensem, a (Richardo) episcopo collatum,
757 1537 2677 1605 ac privilegia quaedam asserit. Loewenfeld Epistolae p. 172. — „Sacrosancta (Ro-
760 1605 1146 1662 mana eoclesia“).
152 1603 371 1724 Mart 23.
419 1594 636 1729 Latarant
707 1638 2680 1715 13255 Sororibus S. Victorini Beneventanis praecipit, ut abbati S. Vincentii de Monte
757 1707 2677 1773 debitam reverentiam impendant. Pflugk-Harttung Acta III. 269. — „Dilectus filius noster“.
159 1762 371 1846 „ 30. 31.
488 1764 578 1859 „
711 1764 2680 1832 13256 (8656) Willelmo, abbati S. Dionysii, eiusque successoribus usum mitrae, anuli,
757 1821 2680 1883 sandaliorum concedit. (Huius privilegii duo autographa exstant in tab. nat. Paris.
757 1874 2680 1943 L. 231. n. 43; quorum alterum „III.“, alterum „II. kal. Aprilis“ praebet.) Félibien
757 1927 2680 1994 Hist. de St. Denys rec. d. pièces p. 101, Doublet Hist. de St. Denys p. 508, Migne
760 1978 1575 2044 200 p. 1200. — „Quos sinceriori“.
190 2029 371 2108 „ 31.
490 2055 581 2104 „)
709 2038 2677 2102 13257 Episcopo Dertonensi mandat, curet, ne „rationabilis constitutio ecclesiae eius,
757 2095 2680 2157 auctoritate apostolica confirmata“, a quoquam infringatur. Pflugk-Harttung Acta III.
757 2144 1418 2217 269. — „Quod in ecclesiis“.
161 2179 373 2283 Apr. 6.
490 2197 589 2281 „
707 2199 2682 2272 13258 Compositionem inter canonicos Salmurenses et fratres domus elemosinariae de
757 2261 2680 2318 Ponte factam a W(illelmo) archiepiscopo Burdigalensi et A(demaro) episcopo San-
760 2320 2626 2376 tonensi confirmat. Archives histor. de la Saintonge IV. 58. — „Cum inter vos“.
192 2360 368 2438 „ 9.
494 2369 592 2440 „
713 2365 2682 2438 13259 (8657) Simoni, quondam abbati S. Mariae Blesensis, asserit beneficia post mu-
760 2420 2677 2484 neris abdicationem a I(ohanne) episcopo Carnotensi et Petro, presbytero card. tit.
757 2477 2680 2541 S. Chrysogoni, apost. sed. legato, ei collata. Gall. Chr. VIII. Instr. p. 425, Migne 200
762 2535 2680 2605 p. 1201, (Auvray Notice sur le ms. Ottobonien 2966 p. 19 in Mélanges d'arch. et
760 2592 1601 2654 d'hist. VI.). — „Relatum est nobis“.
194 2630 373 2711 „ 15.
479 2621 592 2773 „
713 2630 2682 2709 13260 G(aufrido) decano et canonicis Carnotensibus significat, statuisse se. ut „honores
766 2698 2680 2760 vel beneficia, quae „venerabilis frater“ G(uillelmus) episcopus eorum, apost. sed. legatus,
762 2753 2682 2813 in decessu suo reliquerit, nullus dare vel accipere audeat, absque licentia et con-
762 2809 2680 2866 cessione successoris legitime ordinati. (Epistola, Innocentio II. falso ascripta, Alexan-
762 2864 2677 2926 dro III. tribuenda videtur.) In bibl. nat. Paris. Livre blanc de l'évéché de Chartres,
762 2910 2682 2981 ms. lat. 11062. s. XIII. f. 9“. (Livre noir., ms. lat. 10096. s. XIII. f. 1, Coll. Moreau
760 2974 1690 3034 54. f. 229). — „Ecclesiastica -beneficia“.
163 2992 375 3093 Mai. 7.
497 3023 587 3098 „
713 3016 2684 3089 13261 H(avidi) abbatissae et sororibus S. Glodesindis Metensibus villam et ecclesiam
764 3071 2677 3144 de Nerteyo asserit. In bibl. nat. Paris. Chartul. S. Glodes. Metens. scr. a. 1292,
762 3135 1873 3195 ms. lat. 10024. f. 59. — „Cum ex apostolatus“.
196 3186 373 3266 „ 12.
497 3184 594 3257 „
715 3186 2684 3250 13262 G(arini) archiepiscopi et capituli Bituricensis statutum, ut numerus triginta prae-
764 3244 2677 3303 bendarum in ecclesia non excedatur, confirmat. Cartul. de Bourges ms. lat. nouv.
764 3290 2635 3356 acquis. 1274. s. XIII. f. 16“ in bibl. nat. Paris. — „Quotiens aliqua statuuntur“.
196 3345 382 3471 „ 15.
481 3345 603 3573 „
713 3350 2682 3420 13263 Monasterio Aquicinctensi asserit altare de Oysiaco a P(etro) quondam electo
766 3407 2680 3537 Sasueraeene. concessem. la babsi. nat. Paris. Cont. Soreau IS. f. 146. — -lactis pe
764 3462 1215 3570 tentium desideriis“.
938 150 1871 249 ALEXANDER III. 1159—1181.
2554 174 2682 240 335
