3007 3975
293 167 419 247 336
843 315 1173 401 1178—1179.
313 362 532 477 Mai. 14.
585 364 804 492 Laterani
872 368 2841 463 13264 Compositonem inter fratres S. Bertini Sithienses et burgenses S. Audomari fac-
923 443 2839 521 tam a Philippo, Flandriae comite, confirmat. Giry Hist. de la ville de S. Omer p. 393.
925 499 1489 571 — „Relatum est nobis“.
349 541 530 640 „ 16.
653 567 753 653 „
872 545 2841 629 13265 Ecclesiae S. Felicis protectionem suscipit, possessionesque et privilegia confirmat,
923 616 2843 686 petente Hugone priore. Codex dipl. ord. S. Ruffi, quem composuit et possidet Ulysses
919 673 2147 728 Chevalier Romanensis f. 17. — „Si quando a nobis“.
349 715 532 803 „ 25.
649 715 760 803 „
872 724 2841 790 13266 Monasterium Verdense tuendum suscipit eiusque possessiones, in his ecclesiam
923 781 2839 841 Lothusen in Flandria sitam et monasterium Helmestetense confirmat. Wolframo ab-
925 841 2841 894 bati usum pontificalium asserit. Pflugk-Harttung Acta I. 268. — „Votis et desideriis“.
351 883 532 954 „ 25.
656 896 762 956 „
872 892 2841 951 13267 *Inter canonicos S. Andreae et monachos S. Crucis Burdigalenses super capel-
925 938 2839 1004 lania S. Crucis aliisque a Guillelmo archiepiscopo actum arbitrium probat. In bibl.
923 993 2379 1062 nat. Paris. ms. lat. 12666. (Monasticon Benedictin. IX.) f. 158.
315 1051 532 1126 Iun. 9.
645 1044 757 1132 „
872 1057 2843 1117 13268 (3489a) Conrado, Gregorio et Petro, filiis b. m. Malabrancae, ob summam patris
923 1113 2841 1172 erga se et Romanam ecclesiam fidem „a principio schismatis“ impensam, castrum
930 1170 2841 1230 Ariciae in feudum concedit. („V. id. Iun.“) Theiner Cod. dipl. dom. temp. s. sed.
925 1223 2843 1285 I. 24; („VI. id. Iun.“, Pertz Archiv VII. 21, ubi perperam bulla Alex. II. ascripta est).
930 1283 1592 1331 — „Constantiam devotionis“.
344 1298 536 1413 „ 11.
631 1283 753 1406 „
874 1313 2845 1395 13269 R(oberto) archiepiscopo Viennensi et O(doni) episcopo Valentinensi mandat, ne
925 1386 2843 1444 ecclesiam S. Felicis a W. abbate de Claireu (Clariaco?) et nepotibus Otgerii super
927 1437 2843 1501 hereditate quadam vexari sinant. Cod. dipl. ord. S. Ruffi, quem composuit et possi-
930 1497 2361 1552 det U. Chevalier Romanensis f. 18. — „Ex parte dilectorum“.
313 1541 539 1640 Iul. 10.
649 1545 762 1629 „
877 1545 2845 1612 13270 Compositionem inter episcopum et canonicos Ebroicenses super consuetudinibus
927 1607 2843 1667 quibusdam a (Rotrodo) archiepiscopo Rotomagensi factam approbat. Cart. du chap.
923 1651 2839 1718 d'Evreux s. XIII. —XIV. f. 2. Arch. dép. de IEure in Evreux. — „Sicut iniquum est“.
877 1715 2843 1777 13271 *Conrado, Pomeranorum episcopo, decimas a subditis suis exhiberi iubet. Vide
925 1760 2843 1832 tab. Conradi ap. Hasselbach Cod. Pom. dipl. I. 131, cf. Pommersch. Urkundenb. I. 50.
843 1866 2814 1932 1179. (Ind. 12. — 25. Sept. — 13, pont. a. 20. — 20. Sept. — 21, 1178. — 25. Mart. — 1179.)
315 1919 536 2027 lan. 2.
578 1912 815 2018 Tuscnlani
879 1934 2847 1996 13272 (8659) Monasterium S. Florae Aretinum tuendum suscipit, eiusque bona et pri-
932 1989 2847 2058 vilegia, petente Hominedeo abbate, confirmat. Margarini Bull. Cas. II. 194, Migne
930 2033 1743 2113 200 p. 1201. — „Piae postulatio“.
344 2091 532 2184 „ 2.
669 2091 742 2197 „
879 2086 2845 2164 13273 Monasterii Casae-Dei tutelam suscipit, possessionesque et privilegia confirmat,
927 2150 2845 2214 petente Bertrando abbate. Fratribus unius byzantii censum annuum imponit. (Notae
927 2206 2845 2270 temporis corruptae et in subscriptionibus „Gregorius ep. Sabinensis“ apparet; neque
927 2263 2845 2323 tamen bullam spuriam existimem, quia librarios multa ex suo ingenio correxisse vel
927 2318 2847 2378 adiecisse vel neglegentia depravavisse, notum est; cf. supra num. 13119 eiusdem te-
925 2373 2843 2438 noris, ubi Gregorii nomen deest.) Mém. de l'acad. de Clermont-Ferrand XIX. 299,
927 2422 2680 2486 (ex quibus in) Mon. pont. Arverniae p. 307. — „Susceptae administrationis“.
346 2468 539 2561 „ 2.
660 2491 744 2612 „
879 2477 2845 2544 13274 Fratribus S. Sixti Placentinis praecipit, ut abbati Casae-Dei debitam obedientiam
932 2535 2845 2612 praestent. Mém. de Tacad. de Clermont-Ferrand XIX. 305, Mon. pont. Arverniae
930 2597 1851 2654 p. 313. — „Conquestionem dilectorum“.
346 2616 536 2709 „ 2
660 2614 748 2722 „
879 2632 2845 2714 13275 (Pontio) episcopo Claromontensi mandat, compellat sub interdicti poena milites
930 2700 2845 2762 de Alzone, ut ipsius castri ecclesiam S. Laurentii fratribus Casae-Dei reddant. Loewen-
927 2751 2251 2813 feld Epistolae p. 173. — „Querelam dilectorum filiorum“.
357 2791 539 2879 „ 12.
671 2811 744 2875 „
881 2806 2845 2873 13276 Herberto abbati S. Theoderici Remensis privilegium dat. Neues Archiv VII. 104.
932 2857 1469 2932 — „Religiosam vitam“.
355 2910 541 3003 „ 17.
667 2910 753 3009 „
879 2908 2845 2981 13277 (8659a) Parthenonis S. Mariae Marensis protectionem suscipit, iuraque et pos-
932 2972 2843 3038 sessiones confirmat, petente Philippo, archiepiscopo Coloniensi. Acta SS. Febr. T. I.
930 3027 2430 3087 921, Hugo O. P. A. II. Pr. 77. — „Cum infirmioribus membris“.
351 3065 539 3155 „ 17.
653 3074 757 3168 „
881 3069 2843 3146 13278 (8660) Monasterii S. Godehardi Hildesheimensis protectionem suscipit, possessio-
932 3140 2839 3199 nesque ac privilegia confirmat, petente Arnoldo abbate. Pflugk-Harttung Acta II. 372.
930 3195 1721 3259 — „Effectum iusta postulantibus“.
355 3233 539 3361 „ 20.
645 3235 760 3367 „
879 3246 2841 3310 13279 Confirmat compositionem a Willelmo, archiepiscopo Remensi, ap. sed. legato,
932 3301 2841 3361 factam inter monachos S. Aygulfi et domum elemosinariam castri Pruvinensis super
932 3350 2839 3418 area quadam, ab Henrico comite Trecensi praedictae domui contra fratrum S. Aygulfi
934 3407 2839 3478 voluntatem concessa. (Bullam datam esse post an. 1178, probat carta Guidonis Se-
934 3458 2839 3564 nonensis apud Lalore I. I. p. 253. et ante d. 7. Mart. 1178. probat fitulus Willelm
1104 159 2032 249 ALEXANDER III. 1159— 1181.
