3007 3975
662 300 2633 388 1179. (Ind. 12. — 25. Sept. — 13, pont. a. 20. — 20. Sept. — 21, 1178. — 25. Mart. — 1179.)
746 384 2664 450 Remensis, cui inde ab hoc die verba: „S. Sabinae cardinali“ in litteris apostolicis
742 441 2370 501 adiungi solent.) Lalore Coll. des cart. VI. 235. — „Pervenit ad nos“.
393 432 631 574 rarentanf
695 494 2664 556 13280 Ecclesiae S. Severini Camerinensis tutelam suscipit possessionesque ac privilegia
143 494 364 571 lan. 20.
744 549 2664 613 confirmat. Turchi De eccles. Camerin. pont. App. p. 30: „XIII. kal. Febr.“; (Gentili
744 607 2662 669 Dissertazione sopra Sanseverino p. 70: „XII. kal. Febr.“). — „Devotionis sinceritas“.
698 658 2662 722 13281 (8661) H(ohanni) episcopo et capitulo Carnotensi praescribit, „ut honores Car-
178 649 362 728 „ 23.
479 664 565 730 „
746 717 2662 779 notensis ecclesiae aliis de cetero minime concedantur, nisi qui residentiam se pro-
746 768 2662 836 miserint habituros, neu quis de aliena diocesi in canonicum ecclesiae aut plebanum
748 823 2664 887 presbyterum admittatur, nisi prius a proprio fuerit episcopo absolutus“. Theodori
746 878 2662 942 Poenitentiale II. 432, Lépinois et Merlet I. 199, Migne 200 p. 1203. — „Cum ab eo“.
695 934 2664 991 13282 In ecclesia Trecensi constitutionem ecclesiarum Gallicanarum, „ut qui non sint
178 887 360 1002 „ 25.
479 949 576 1009 „
748 989 2664 1048 in obsequiis assidui, non tantum percipiant, quantum illi, qui assiduam ibi moram
748 1044 2664 1110 habere noscantur“, introduci permittit. Lalore Coll. des cart. V. 85, Pflugk-Harttung
748 1093 1778 1166 Acta I. 249. — „Ea quae ad incrementum“.
695 1143 2664 1214 13283 Monasterii S. Michaelis de Periculo-maris patrocinium suscipit, possessionesque
178 1132 364 1219 „ 27.
481 1117 581 1223 „
751 1203 2666 1269 et privilegia confirmat, petente Roberto abbate. Delisle Chron. de Robert de Torigni
748 1267 1745 1322 II. 313. — „Vitam religiosam eligentibus“.
698 1307 2666 1380 13284 (8662) Ecclesiae Trecensis protectionem suscipit, bonaque ac privilegia confir-
176 1313 360 1386 „ 27.
483 1318 585 1406 „
748 1373 2666 1435 mat, petente Matthaeo episcopo. Martene ct Dur. Vet. Script. I. 906, Lalore Coll.
748 1428 2174 1492 des cart. V. 40, Migne 200 p. 1203. — „Cum tua honestas“.
700 1484 2671 1550 13285 Rogerum abbatem S. Trinitatis Cantuariensem dedicat „V. kal. Febr.“ Radulf.
178 1457 360 1550 „ 28.
483 1464 578 1552 „
748 1541 2258 1598 de Diceto ap. Twysden H. A. SS. I. 602, Opp. ed. Stubbs I. 428.
698 1585 2668 1656 13286 Simoni abbati et fratribus Sublacensibus castrum Roiate et Roccam Siccam, quae
178 1590 360 1660 „ 30.
494 1585 572 1654 „
748 1649 2666 1711 fuerunt Raonis, filii Landulphi, ea lege asserit, ut nullo unquam modo ea alienare
748 1704 2666 1764 debeant. Narrat, Raonem, iterum atque iterum monitum, a Iohanne, presb. card. tit.
748 1755 2668 1819 SS. Iohannis et Pauli, vicario suo, excommunicatum ac vi coactum esse iurare, sese
751 1810 2668 1874 nepotibus et consortibus suis ablata restituturum; semper vero iuramenti immemorem
751 1866 2668 1934 eum fuisse. „Nobis autem,“ inquit, „de partibus Venetiae ad Urbem redeuntibus . . „
748 1921 2671 1980 exercitu congregato, praescriptum castrum et Roccam Siccam capi fecimus ipsaque
748 1976 2671 2040 ad manus nostras duximus revocanda.“ Liverani Spicil. Liber. 650. — „Cum iam-
748 2029 958 2093 pridem“.
161 2078 346 2161 („) —
700 2069 2671 2161 13287 (8663) Lupo, Valentiae regi, gratias persolvit, quod, „licet, sacramenta fidei
475 2029 587 2157 („)
748 2142 2671 2203 Christianae minime susceperit, tamen cultores et fideles Christi quadam speciali prae-
748 2195 2671 2259 rogativa diligat et honoret“. Rogat, ut Christianos captivos ad sese dimittat. Ra-
748 2250 2668 2312 dulf. de Diceto ap. Twysden H. A. SS. I. 602, Opp. ed. Stubbs I. 429, Migne 200
748 2301 1478 2365 p. 1205. — „Cum superna et“.
141 2294 362 2424 Febr. 2
698 2358 2662 2424 13288 (8664) Ecclesiam Biterrensem tuendam suscipit possessionesque eius confirmat,
472 2358 585 2422 „
753 2418 2666 2479 petente Bernardo episcopo. Gall. Chr. VI. Instr. p. 140, Migne 200 p. 1205. — „In
748 2466 1124 2532 eo sumus loco“.
698 2519 2664 2585 13289 Willelmo abbati et fratribus S. Vincentii Metensibus asserit ecclesiam S. Ger-
174 2519 360 2592 „ 4.
492 2530 567 2603 „
748 2581 2664 2643 mani de Castello, cuius possessiones et iura confirmat. In bibl. nat. Paris. Coll.
753 2634 1995 2696 Moreau 82. f. 3. — „Pastoralis officii consideratione“.
410 2647 629 2764 Laterani
181 2669 360 2758 „ 16.
695 2683 2666 2749 13290 (8665) Ecclesiae S. Deodati protectionem suscipit possessionesque ac privilegia
751 2744 2662 2811 confirmat. Sommier Hist. de l'égl. de S. Diez p. 396, Défense de l'église de Toul p. 279.
753 2797 1283 2862 — „Officii nostri nos“.
698 2848 2664 2915 13291 (8810) (Richardo) archiepiscopo Cantuariensi, apostolicae sedis legato, et archi-
181 2844 362 2926 „ 16.
486 2855 578 2945 „
748 2901 2664 2968 diacono Cantuariensi praecipit, ut „cum abbates et fratres S. Augustini ad ecclesias
751 2959 2660 3023 suas vacantes personas duxerint idoneas praesentandas, eas sine calumnia recipiant“.
748 3009 2662 3082 Hist. Mon. S. Aug. Cant. p. 437, (Chronica W. Thorn ap. Twysden H. A. SS. II.
748 3060 1522 3135 1831). — „Gravis admodum ad“.
698 3124 2662 3184 13292 (Richardo) archiepiscopo Cantuariensi, apostolicae sedis legato, et archidiacono
181 3122 362 3199 „ 16.
472 3131 583 3199 „
751 3180 2662 3241 Cantuariensi interdicit, „ne monasterio S. Augustini in ecclesiis suis indebita grava-
753 3230 2662 3299 mina imponant, nec in ecclesiis suis sine assensu abbatis clericos instituant, nec ad
748 3288 2660 3356 claves ecclesiarum seu possessiones earum manus extendant“. Hist. Mon. S. Aug.
751 3345 1595 3407 Cant. p. 446. — „Cum in ecclesiis“.
178 3361 364 3462 „ 16.
698 3387 2662 3462 13293 (8703) Henrico, Anglorum regi, affirmat, Rogerum abbatem S. Augustini Can-
490 3361 565 3469 „
751 3451 2662 3551 tuariensem temere accusari. „quod monasterium suum ecclesiae Romanae in 10 marcis
178 3502 740 3604 Regests Pent Ronan. E4 sce II.
2308 3504 2388 3584 43
927 143 1853 240 ALEXANDER III. 1159—1181.
2536 147 2664 245 337
