3007 3975
302 154 426 247 338
841 304 2812 395 1179. (Ind. 12. — 25. Sept. — 13, pont. a. 20. — 20. Sept. — 21, 1178. — 25. Mart. — 1179.)
923 377 2836 446 auri annuatim solvendis fecerit censuale“; „non est consuetudo Romanae ecclesiae“,
927 437 2836 501 inquit, „huius modi census statuere, aut quamlibet ecclesiam tali modo gravare“.
927 494 2839 558 Exponit, abbatem quare dedicaverit; quem ne „pro debitis Iudaeorum ulterius mole-
927 558 2839 620 stari“ sinat, rogat. Hist. Mon. S. Aug. Cant. p. 429, (Chronica W. Thorn. ap.
927 598 2655 675 Twysden H. A. SS. II. 1825, Migne 200 p. 1229). — „Audivimus regiae“.
313 649 536 719 Febr. 18.
587 647 808 724 Laterani
872 658 2841 724 13294 (8702) Rogero, abbati S. Augustini Cantuariensi, concedit, „ut Cantuariensis epi-
925 719 2839 777 scopus, qui pro tempore fuerit, successores eius sine exactione professionis in mona-
925 772 2839 832 sterio benedicat; quod si infra XL. dies, postquam fuerit requisitus, eos benedicere
925 828 2836 894 forte omiserit, ad Romanam ecclesiam benedicendi accedant“. Hist. Mon. S. Aug.
923 881 2836 954 Cant. p. 432, (Chronica W. Thorn ap. Twysden H. A. SS. II. 1825, Migne 200 p. 1229).
925 931 1570 1002 — „Cum venerabili fratre“.
344 969 530 1051 „ 18.
645 984 748 1093 „
872 984 2839 1057 13295 Ecclesiam Wallefsrodensem tuendam suscipit, statuitque „ne quis monachis eiectis,
925 1048 2839 1108 quamdiu ibidem duo ad minus fuerint, alios clericos substituat“, cet. Iacobs Urk. d.
923 1095 1895 1166 KI. Ilsenburg I. 32. — „Viros religiosos“.
346 1141 532 1219 „ 18.
647 1130 744 1276 „
870 1152 2841 1219 13296 (8666) Simoni, episcopo Meldensi, concedit, „ut, si quando monasterium eius
925 1214 2839 1269 iurisdictionis vacare contigerit, nec fratres vel sorores infra congruum tempus in
925 1267 2836 1333 personam idoneam potuerint concordare, fas ei sit, personam illam in abbatem vel
921 1320 2839 1378 abbatissam confirmare, in quo maiorem et saniorem partem capituli noverit con-
923 1373 2839 1442 venire“. Du Plessis Hist. de Meaux II. 66, Migne 200 p. 1206. — „Pro dissensione
914 1426 1140 1490 fratrum“.
349 1442 530 1561 „ 19.
658 1472 735 1570 „
870 1479 2839 1543 13297 *Nicolao militi praecipit, ut monachis S. Bertini Sithiensibus ablatam terram re-
919 1539 2839 1596 stituat damnaque resarciat. V. Iohannis Longi chron. S. Bertini in MG. SS. XXV. 813.
340 1565 525 1662 „ 19.
649 1539 735 1713 „
870 1594 2839 1656 13298 * Philippo, comiti Flandriae, mandat, curet ut Audomarenses fratribus S. Bertini
916 1643 2839 1707 Sithiensibus ereptam paludem reddant et „de damnis domorumque infractione“ satis-
916 1702 2496 1768 faciant. V. Iohannis Longi chron. S. Bertini in MG. SS. XXV. 813.
344 1740 530 1824 „ 19.
649 1753 733 1828 „
872 1755 2839 1819 13299 (8667) Monachis S. Bertini Sithiensis interdicit, „ne ecclesiam de Broburg unius
919 1815 2839 1872 sacerdotis ministerio permittant esse contentam, sed duos semper ipsius servitio man-
916 1859 2836 1934 cipent“. Collection des Cartulaires III. 352, Migne 200 p. 1207. — „Relatum est
916 1914 1135 1978 auribus“.
346 1965 530 2053 „ 19.
651 1965 731 2080 „
868 1965 2839 2038 13300 (8668) Monasterio S. Bertini Sithiensi duas partes decimae de Lulinghem et pa-
919 2029 2836 2097 ludem quandam a G. milite de Watenis datam asserit. Collection des Cartulaires
919 2080 2079 2153 III. 353, Migne 200 p. 1207. — „Si quando ab“.
340 2126 525 2199 „ 19.
649 2071 733 2212 „
866 2137 2836 2201 13301 (8669) Ecclesiae S. Mariae Usnoimensis protectionem suscipit, bonaque et privi-
916 2192 2836 2263 legia confirmat. Hasselbach Cod. Pom. dipl. I. 109, (Pommersches Urkundenb. I. 51).
916 2250 1721 2318 — „Religiosam vitam eligentibus“.
340 2298 519 2369 „ 20.
649 2301 731 2373 „
870 2303 2834 2367 13302 Monasterii Ilsenburgensis tutelam suscipit et possessiones ab O(ttone) quondam
919 2365 2836 2422 episcopo Halberstadensi donatas confirmat, petente T(heoderico) abbate. Privilegia
916 2407 2808 2473 quaedam addit. Iacobs Urk. d. KI. IIsenburg I. 32. — „Suscepti regiminis cura“.
340 2453 521 2541 „ 20.
645 2468 740 2544 „
863 2466 2832 2528 13303 (8705) Rogero abbati et monachis S. Augustini Cantuariensis concedit, „ne in
919 2528 2832 2588 ecclesiis ad repraesentationem eorum spectantibus ulli, nisi ab eis praesentati fuerint,
916 2585 2830 2641 ordinentur“. Hist. Mon. S. Aug. Cant. p. 438, (Chron. W. Thorn ap. Twysden H.
914 2625 2410 2691 A. SS. II. 1830, Migne 200 p. 1231). — „De minori possemus“.
338 2641 519 2764 „ 26.
636 2667 729 2837 „
863 2678 2830 2753 13304 (8706) Rogero, abbati S. Augustini Cantuariensi, et eius successoribus concedit,
914 2744 2830 2804 „ut si archiepiscopi vel episcopi aut alii ecclesiarum praelati iis de malefactoribus
910 2802 2830 2857 eorum, parochianis suis, tertio requisiti plenam non fecerint rationem, illos excom-
912 2857 2830 2919 municent“. Hist. Mon. S. Aug. Cant. p. 439, (Chron. W. Thorn ap. Twysden H. A.
910 2908 2209 2965 SS. II. 1830, Migne 200 p. 1231). — „Cum in nostra“.
340 2945 514 3021 „ 27.
649 2948 722 3080 „
863 2956 2830 3021 13305 (8670) Monasterio S. Bertini Sithiensi decimas de Waranciis asserit. Collection
908 3007 2713 3074 des Cartulaires III. 351, Migne 200 p. 1208. — „Iustis petentium desideriis“.
335 3051 517 3133 „ 27.
647 3062 722 3151 „
859 3065 2830 3131 13306 Ecclesiae S. Imerii (dioec. Basil.) possessiones confirmat. (Fragmentum.) Trouillat
910 3129 1975 3191 Mon. de Bale I. 363. . . . . . . statuentes ut“.
333 3162 514 3250 „ 27.
642 3168 731 3255 „
861 3168 2828 3239 13307 Ecclesiae S. Germani Grandivallensis protectionem suscipit et possessiones con-
905 3226 2288 3290 firmat. Trouillat Mon. de Bale I. 870. — „Cum nobis sit“.
331 3279 514 3361 „ 27.
645 3274 735 3369 „
859 3279 2825 3363 13308 Petro abbafi Reclusensi bullam dat. Neues Archiv VII. 104. — „Religiosam
905 3345 1087 3407 vitam“
333 3372 514 3524 „ 28.
629 3380 735 3551 „
857 3380 2823 3458 13309 (Giliberto) Londinensi et (Iohanni) Cicestrensi episcopis mandat, ut „si quos iis
905 3453 2821 3564 constiterit in ecclesfis momasterii S. Augustipi Cantuariensis siue assensu abbatis vel.
1106 147 2030 240 ALEXANDER III. 1159—1181.
