3007 3975
682 293 2646 384 1179. (Ind. 12. — 25. Sept. — 13, pont. a. 20. — 20. Sept. — 21, 1178. — 25 Mart. — 1179.)
764 377 2677 441 fratrum institutos esse, eos ab eisdem ecclesiis removeant“. Hist. Mon. S. Aug. Cant.
762 428 1592 492 p. 436. — „Referente dilecto filio“.
428 435 645 567 Laterani
159 481 375 560 Febr. 28.
711 488 2677 552 13310 *Desiderio, episcopo Morinorum, mandat, ut „decimam alletium“ monasterio S.
766 547 2680 609 Bertini Sithiensi tribuendam curet. Chartularium Sithiense P. III. c. 27 in Coll. des
760 598 2379 655 Cartulaires III. 349, cf. Iohannis Longi chron. in MG. SS. XXV. 813.
713 647 2680 715 13311 *Philippum, Flandriae comitem, hortatur, ut monasterio S. Bertini Sithiensi
483 651 598 739 („)
172 647 366 730 („ „)
768 713 2680 777 „decimam alletium“ tradat. Chartul. Sith. P. III. c. 27 in Coll. des Cartulaires III.
762 757 2026 825 349; cf. Iohannis Longi chron. in MG. SS. XXV. 813.
715 817 2682 881 13312 (8704) Rogero, abbati S. Augustini Cantuariensi, concedit, „ne archiepiscopus aut
159 808 375 887 Mart. 1.
492 812 596 909 „
764 876 2677 931 archidiaconus eius seu officiales seu aliquis legatus obtentu legationis monasterium
768 934 2680 989 vel monachos eius aliqua sententia gravet, nec ecclesias, clericos vel homines eorum
768 978 2677 1044 interdicat, vel excommunicet“. Addit de chrismate et oleo sancto suscipiendo. Hist.
766 1029 2677 1106 Mon. S. Aug. Cant. p. 433, (Chronica W. Thorn ap. Twysden H. A. SS. II. 1829.)
766 1095 1575 1159 — „Quanto monasterium vestrum“.
713 1143 2682 1212 13313 (8707) Monasterii S. Augustini Cantuariensis protectionem suscipit et fratribus
167 1139 280 1225 („)
486 1090 600 1232 („)
764 1205 2680 1265 eius indulget, ut tempore generalis interdicti „clausis ianuis, exclusis excommunicatis
768 1263 2680 1318 et interdictis, non pulsatis campanis, supressa voce, divina officia celebrent“. Hist.
768 1313 2680 1384 Mon. S. Aug. Cant. p. 425, (Chronica W. Thorn ap. Twysden H. A. SS. II. 1830).
766 1366 1272 1433 — „Hortatur nos et“.
715 1424 2680 1484 13314 Transactionem inter Flaviacense et Fontanetense monasteria, mediante S(tephano)
190 1413 375 1495 „ 1.
503 1419 596 1495 „
766 1477 2680 1545 episcopo Eduensi, super possessionibus quibusdam factam confirmat. Pflugk-Harttung
766 1534 1665 1590 Acta I. 268. — „Inter cetera, quibus“.
713 1578 2680 1649 13315 (8671) Fratribus S. Bertini Sithiensis id privilegii tribuit, „ut in ecclesias ad iuris-
192 1572 371 1651 „ 2.
497 1578 600 1651 „
766 1643 2680 1702 dictionem eorum spectantes, nulli liceat, sine manifesta vel iudicio canonico causa
766 1698 2680 1764 probata, interdicti sententiam promulgare“. Collection des Cartulaires III. 352, Migne
768 1751 1542 1819 200 p. 1208. — „Suscepti cura“.
711 1804 2680 1868 13316 (8672) Fratribus S. Bertini Sithiensis concedit, „ut praebendam in monasterio
194 1793 380 1874 „ 3.
488 1804 598 1952 „
766 1863 2682 1930 nullo laico teneantur deinceps vel clerico seculari conferre“. Collection des Cartulaires
766 1914 2085 1983 III. 351, Migne 200 p. 1208. — „Iustis postulationibus“.
713 1969 2680 2036 (in basilica S. Iohannis Constantiniana). Concilii dies primus. Acta ap. Mansi XXII.
192 1947 382 2042 „ 5.
492 1958 600 2047 „
766 2029 2677 2089 213 et 457: „quinta die mensis“. Gesta Henrici II., olim Benedicto Petroburg. tri-
766 2082 2680 2144 buta, 1179 ed. Stubbs I. 222: „tertio nonas Martii“. Willelmus Tyr. L. XXI. c. 27:
766 2131 2680 2201 „mense Martio . . . quinto die“. Cf. Hefele Conc. Gesch. 2 ed. V. 711, Reuter III. 426
766 2195 1109 2259 sq. et 764 sq.
715 2248 2680 2314 13317 Monasterium S. Mariae Luthrense tuendum suscipit, bonaque eius et privilegia,
194 2234 382 2318 „ 5.
501 2243 600 2312 „
766 2305 2680 2367 petente Guidone abbate, confirmat, imposito monachis decem solidorum Basiliensis
768 2360 2626 2413 monetae censu annuo. Besson L'abbaye de Lure p. 199. — „Quotiens a nobis“.
713 2404 2677 2475 13318 (8673) Monasterii S. Blasii patrocinium suscipit, possessionesque et iura confirmat,
198 2380 380 2484 „ 6.
503 2389 598 2484 „
768 2471 2680 2532 petente Theodeberto abbate. Wirtemb. Urkundenb. II. 194, (Gerbert Hist. Nigr.
764 2513 2178 2577 Silv. III. 102, Migne 200 p. 1209). — „Ad hoc universalis“.
711 2574 2682 2645 (in basilica S. lohannis Constantiniana). Concilii die secundo Willelmus archiepi-
198 2561 377 2645 „ 7?
497 2572 600 2638 „
768 2630 2680 2694 scopus Remensis fit presbyter cardinalis tit. S. Sabinae. Acta I. I.: „septima die
766 2676 2680 2751 mensis“. Ann. Senens. 1179 in MG. SS. XIX. 226: „VII. et VIII. die mensis“. Gesta
768 2738 2677 2806 Henrici II., olim Benedicto Petroburg. tributa, 1179 ed. Stubbs I. 222: „II. id. Martii“
764 2784 2041 2853 (14. Mart.). Reuter III. 429, diem 14. Mart. praefert.
715 2846 2682 2910 13319 Monasterii S. Sequani tutelam suscipit, bonaque et iura confirmat, petente Hai-
196 2839 384 2919 „ 9.
508 2837 589 2919 „
768 2910 2680 2968 mone abbate. In bibl. nat. Paris. Cartul. S. Sequani ms. lat. 9874. s. XVIII. f. 1;
775 2963 2680 3021 12824 s. XVIII. f. 339; 17085 s. XVII. f. 1. — „Quotiens istud (an illud?) a nobis“.
722 3009 2682 3078 13320 Monasterii S. Lupi Trecensis patrocinium suscipit, possessionesque et privilegia
201 3012 384 3087 „ 9.
492 2945 605 3087 („)
766 3060 2682 3131 confirmat. (Clausula mutilata). Lalore Collection des cart. de Troyes I. 89. — „Re-
768 3118 1409 3184 ligiosam vitam eligentibus“.
720 3177 2686 3237 13321 (8673a) Monasterium Tegernseense tuendum suscipit, eiusque bona et privilegia
201 3164 386 3248 „ 12.
503 3175 603 3252 „
768 3235 2684 3292 confirmat, petente Ruperto abbate. Mon. Boic. VI. 186, Hund III. 402, Orig. Guelf.
768 3281 1659 3350 I. 92. — „Commisse nobis apostolice“.
720 3336 2682 3403 13322 (8674) Monasterii S. Mariae Floreffiensis protectionem suscipit, bonaque con-
201 3330 388 3456 „ 13.
488 3339 603 3542 „
768 3396 2682 3486 firmat, petente Hermamno abbate. Hugo O. P. A. II. Pr. p. 12. — „Religiosis desi-
771 3442 1131 3551 deriis dignum“.
2319 3495 2414 3601 43*
943 141 1873 227 ALEXANDER III. 1159—1181.
2551 152 2680 249 339
