3007 3975
298 150 428 242 340
846 295 2816 390 1179. (Ind. 12. — 25. Sept. — 13, pont. a. 20. — 20. Sept. — 21, 1178. — 25. Mart. — 1179.)
592 364 810 472 Laterani
320 359 543 459 Mart. 12.
877 371 2843 448 13323 Rodulfo praeposito, Henrico decano et canonicis S. Pauli Leodiensibus presby-
927 443 2843 503 teratum de Lizia asserit. Eoclesiae eorum tutelam suscipit et possessiones confirmat.
925 490 2613 560 Bulletin de l'inst. archéol. Liégois XII. 242. — „Cum nobis providentia“.
881 552 2847 609 13324 (8675) Ecclesiae S. Mauricii Agaunensis possessiones et privilegia confirmat, pe-
355 534 541 620 „ 14.
660 556 746 607 „
925 600 2841 660 tente Willelmo abbate. Plancher Hist. de Bourgogne I. Pr. p. 57, Hist. Patr. Mon.
927 658 2843 722 Chart. II. 1064, Aubert Trésor p. 220, Migne 200 p. 1212. — „Cum simus ad
927 711 1117 768 curam“.
879 761 2847 825 13325 (8676) Ecclesiam Tropaeensem, petente Coridone episcopo, tuendam suscipit eius-
355 761 541 834 „ 15.
665 775 753 830 „„
927 819 2845 892 que bona confirmat. Ughelli It. sacr. IX. 452, Migne 200 p. 1213. — „Ideo
925 872 1122 940 sumus“.
881 923 2845 993 13326 Monasterium S. Trudonis tuendum suscipit, eiusque possessiones et privilegia
357 916 543 1031 „ 18.
667 920 751 1007 „
927 989 2845 1048 confirmat, petente Wirico abbate. Piot Cart. de S. Trond I. 134. — „Religiosam
930 1040 1367 1106 vitam eligentibus“.
881 1093 2847 1154 13327 *(Guichardo) Lugdunensi et (Guidoni) Senonensi archiepiscopis eorumque suffra-
357 1084 536 1161 „ 15.
667 1097 746 1159 „
932 1154 2847 1216 ganeis mandat, ne a fratribus Quinciacensibus decimas de novalibus exigi patiantur.
927 1205 1836 1267 Quantin Cart. gén. de l'Vonne II. 295.
879 1249 2847 1325 13328 Monasterii S. Nicolai Tornacensis tutelam suscipit, possessionosque et privilegia
355 1247 541 1322 „ 16.
665 1252 753 1338 „
927 1305 2845 1373 confirmat, petente Eustatio abbate. Vos L'abbaye de St.-Medard II. 82 (non ipse
934 1371 2845 1426 vidi); Anal. p. s. à l'hist. eccl. de la Belgique VII. 477. — „Quotiens illud a nobis“.
881 1419 2845 1484 13329 Monasterii S. Petri de Valle tutelam suscipit, possessionesque et privilegia con-
360 1391 547 1490 „ 17?
660 1404 757 1499 „
930 1470 2845 1539 firmat. Autogr. mutilum in bibl. nat. Paris. Coll. Grenier t. 287. n. 8: aut „XV.“
930 1528 2441 1598 aut „XVI. kal. Apr.“ legendum est. — „Licet universis ecclesiis“.
881 1576 2847 1647 13330 Monasterii S. Mariae Quinciacensis protectionem suscipit, possessionesque et pri-
357 1565 541 1651 „ 18.
660 1556 753 1700 „
932 1645 2845 1709 vilegia confirmat, petente Garmundo abbate. Quantin Cart. gén. de I'Vonne II. 294.
934 1691 1471 1766 — „Religiosam vitam“.
881 1749 2847 1813 13331 (8677) Monasterii S. Martini Murensis rogatu Anselmi abbatis protectionem su-
360 1742 543 1821 „ 18.
667 1751 762 1868 „
932 1806 2845 1872 scipit, possessionesque ae privilegia confirmat, imposito monachis aurei unius censu
934 1866 2843 1927 annuo. Herrgott Geneal. Habsb. II. 192, Quellen z. Schweizer Gesch. III. II. 116,
934 1910 1915 1985 Migne 200 p. 1213. — „His, qui positis“.
877 1956 2845 2036 Ottonem episcopum Babenbergensem consecrat. Heimonis lib. 1179 ap. Jaffé Bibl. V. 552,
658 1934 766 2033 („)
362 1947 541 2040 „ 18.
934 2029 2843 2086 (in MG. SS. X. 4), „generalis synodus — in qua Otto se suosque successores a
936 2075 2845 2142 domno papa consecrari debere praerogative, dominica Iudica consecratus, obtinuit“.
934 2135 2845 2199 Ottonis ep. ap. Udalr. Bab., Jaffé V. 534: „In dominica Iudica, praesentibus cardi-
936 2192 2253 2250 nalibus, archiepiscopis etc., qui ad synodum convenerant“.
881 2243 2847 2303 (in basilica S. Iohannis Constantiniana). Concilii dies tertius. Acta I. I.: „nona-
360 2210 550 2362 „ 13.
665 2230 762 2367 „
936 2305 2845 2369 decima die mensis“. Gesta Henrici II., olim Benedicto Petroburg. tributa, 1179 ed.
932 2349 1703 2413 Stubbs I. 222: „14. kal. Aprilis“.
936 2409 2847 2471 Sanciunt 1) „si inter cardinales de substituendo summo pontifice non potuerit con-
936 2466 2843 2532 cordia plena esse et duabus partibus concordantibus tertia pars noluerit concordare,
936 2517 2845 2583 aut sibi alium praesumpserit ordinare, ille Romanus pontifex habeatur, qui a duabus
936 2566 2845 2636 partibus fuerit electus et receptus; si a paucioribus aliquis, quam a duabus partibus
934 2630 2841 2691 fuerit electus, nisi maior concordia intercesserit, nullatenus assumatur“; 2) „ordi-
934 2676 2843 2749 nationes ab Octaviano et Guidone haeresiarchis, necnon et Iohanne Strumensi, qui
936 2736 2841 2804 eos secutus est, factas, irritas esse censent“; 3) „ut nullus in episcopum eligatur,
936 2793 2839 2857 nisi qui iam trigesimum aetatis annum egerit et de legitimo sit matrimonio natus,
934 2848 2841 2910 qui etiam vita et scientia commendabilis demonstretur; decanatus, archidiaconatus et
934 2895 2841 2963 alia ministeria, quae animarum curam habent annexam, nullus suscipiat, nisi qui
936 2956 2841 3021 iam vigesimum quintum aetatis annum attigerit“ cet; 4) „archiepiscopi parochias
941 3016 2841 3074 visitantes, pro diversitate provinciarum et facultatibus ecclesiarum, quadraginta evec-
936 3062 2841 3129 tionis (evectionum) numerum non excedant, cardinales viginti quinque, episcopi vi-
934 3127 2841 3182 ginti vel triginta nequaquam excedant, archidiaconi quinque aut septem, decani con-
934 3177 2841 3239 stituti sub ipsis duobus equis existant contenti; nec cum canibus venatoriis et avibus
936 3235 2839 3299 proficiscantur, nec sumptuosas epulas quaerant; ne subditos suos talliis et exactioni-
941 3290 2839 3347 bus episcopi gravent“ cet; 5) diaconis et presbyteris „sine certo titulo“ ordinatis,
936 3339 2841 3400 ab episcopo „necessaria subministrentur“; 6) „ne praelati, nisi canonica commoni-
936 3394 2841 3453 tione praemissa, suspensionis vel excommunicationis sententiam proferant in sub-
938 3451 2841 3548 iectos“; 7) „me pro episcopis vel abbatibus seu quibuscumque personis ecclesiasticis
1111 141 2037 234 ALEXANDER III. 1159—1181.
