3007 3975
678 300 2649 395 1179. (Ind. 12. — 25. Sept. — 13, pont. a. 20. — 20. Sept. — 21, 1178. — 25. Mart. — 1179.)
760 382 2675 454 ponendis in sede, vel sacerdotibus instituendis, aut mortuis sepeliendis, seu etiam
757 435 2675 499 nubentibus benedicendis, seu etiam aliis sacramentis aliquid exigatur“; 8) „nulla
762 501 2677 558 ecclesiastica ministeria seu etiam beneficia, vel ecclesiae, alicui tribuantur seu pro-
760 541 2677 616 mittantur, antequam vacent“; 9) „ne fratres Templi et Hospitalis, alii quoque reli-
760 607 2677 669 giosae professionis, indulta sibi ab apostolica sede excedentes privilegia, contra epi-
757 662 2677 719 scopalem auctoritatem quidquam praesumant“ cet.; 10) „monachi non pretio reci-
764 713 2677 781 piantur in monasterio, non peculium permittantur habere, non singuli per villas et
760 772 2677 830 oppida seu ad quascumque parochiales ponantur ecclesias“ cet.; 11) ne „clerici in
760 825 2677 883 sacris ordinibus constituti mulierculas in domibus suis teneant“; 12) „clerici, si sti-
757 874 2677 940 pendiis ecclesiasticis sustententur, coram iudice saeculari advocati (procuratores) in
760 938 2677 995 (forensibus) negotiis fieri non praesumant“; 13) et 14) ne quis „dignitates diversas
757 991 2677 1048 ecclesiasticas et plures ecclesias parochiales acquirat“; 15) ne „clerici bona per ec-
760 1042 2680 1104 clesias acquisita in alios usus transferant“; 16) „ne quis ecclesiarum ordinationes
760 1097 2677 1159 impediat“; 17) „si ecclesiarum fundatores aut heredes eorum“ de tribuenda ecclesia
760 1146 2677 1219 inter se dissentiunt, „ille praeficiatur ecclesiae, qui maioribus iuvatur meritis et pluri-
760 1207 2675 1272 morum eligitur et probatur assensu“; 18) „per unamquamque ecclesiam cathedralem
760 1258 2680 1325 magistro, qui clericos eiusdem ecclesiae et scholares pauperes gratis doceat, compe-
760 1309 2680 1380 tens aliquod beneficium assignetur“; 19) ne „rectores et consules civitatum ecclesiis
760 1378 2675 1442 onera imponant“; 20) ne torneamenta fiant; 21) treugae serventur; 22) „presbyteri,
757 1426 2675 1492 monachi, clerici, conversi, peregrini, mercatores, rustici euntes et redeuntes et in
760 1477 2677 1545 agricultura existentes et animalia, quae semina portant ad agrum, securitate laetentur“;
762 1537 2677 1603 23) ne impediantur leprosi „sub communi vita congregati“, quin „ecclesiam cum
757 1594 2680 1654 coemeterio constituant et proprio gaudeant presbytero“; 24) ne Christiani „Saracenis
757 1643 2677 1709 arma, ferrum et lignamina galearum deferant“, neu „in galeis et piraticis Sarace-
762 1711 2680 1764 norum navibus regimen et curam gubernationis exerceant“; ne „Christiani naufragia
762 1757 2680 1830 patientes rebus suis spolientur“; 25) usurarii manifesti nec ad communionem ad-
760 1817 2677 1877 mittantur altaris, nec Christianam accipiant sepulturam“; 26) ne „Iudaei sive Sara-
757 1870 2677 1930 ceni Christiana mancipia in domibus suis permittantur habere“; 27) Catharos, Pata-
762 1921 2677 1989 renos, Publicanos anathematizant; „de Brabantionibus et Aragonensibus, Navariis,
762 1980 2677 2040 Bascolis, Coterellis et Triaverdinis, qui nec ecclesiis, nec monasteriis deferant, non
762 2031 2677 2093 viduis et pupillis, non senibus et pueris, nec cuilibet parcant aetati aut sexui, sed
757 2089 2677 2155 omnia perdant et vastent, constituunt, ut qui eos conduxerint vel tenuerint vel fo-
762 2146 1623 2201 verint, excommunicentur“. Acta I. I.
156 2164 373 2267 Mart. 19.
709 2197 2677 2263 13332 (8678) Monasterii S. Trinitatis et b. Michaelis Miletensis protectionem suscipit,
421 2184 642 2323 Laterani
760 2250 2677 2314 bonaque confirmat, petente Imberto abbate. Bisogni Hipp. p. 102, (Auctorem libri:
760 2312 2677 2373 Badia della S. Trinità di Mileto p. 120 de fide bullae dubitare, nos docuit De Backer).
760 2358 1513 2424 — „Cum omnibus ecclesiasticis“.
709 2415 2675 2486 13333 (8679) „Monasterium s. primitivae ecclesiae montis Sion“ Hierosolymitanum, „in
194 2407 375 2513 „ 19.
497 2411 589 2502 „
760 2466 2671 2532 honorem dei genitricis et s. spiritus aedificatum ab illustris memoriae Gothofredo“,
760 2524 2673 2590 tuendum suscipit et eius possessiones, in Oriente et Occidente sitas, confirmat. Abbati
760 2579 2671 2645 mitrae annulique usum concedit. Pirri Sic. sacr. II. 1326, (qui possessiones non nisi
760 2634 2673 2698 in Sicilia sitas enumerat; integram bonorum enumerationem francogallice redditam
760 2698 2527 2753 praebet) Rey Les colonies franques de Syrie p. 281. — „ . . . Ea propter“.
709 2742 2673 2809 13334 (8680) Monasterium S. Simpliciani Mediolanense tuendum suscipit et eius posses-
196 2736 373 2828 „ 20.
497 2740 594 2850 „
760 2804 2673 2862 siones ac privilegia confirmat, petente Oprando abbate. Puccinelli Vita di S. Sim-
762 2859 2673 2923 pliciano p. 74, Muratori Ant. It. III. 219, Ughelli It. sacr. IV. 121, Migne 200 p. 1214.
766 2910 1285 2976 — „Quotiens illud a“.
711 2952 2673 3027 13335 (8681) Parthenonem S. Alexandri Parmensem tuendum suscipit eiusque bona ac
194 2956 377 3023 „ 20.
501 2968 592 3036 „
762 3023 2673 3085 iura confirmat, petente Willa abbatissa. Aff0 St. di Parma II. 384. — „Cum pro
760 3076 1000 3131 omnibus“.
715 3127 2673 3197 13336 Monasterii Latiniacensis protectionem suscipit, possessionesque et iura confirmat,
194 3109 373 3217 „ 20.
501 3118 594 3210 „
766 3184 2673 3244 petente Ioscelino abbate. Copia a. 1525 in tabulario nat. Paris. L. 231. n. 27.
762 3239 2673 3301 (Cartul. de Lagny ms. lat. 9902. s. XVI. f. 1 in bibl. nat. Paris). — „Quotiens
762 3292 972 3347 illud a“.
711 3339 2677 3405 13337 (loscelino) abbati Latiniacensi mandat, ut inter M. militem de Villa-meri et
176 3301 280 3464 („)
481 3305 605 3436 („)
766 3400 2671 3471 Adam olim vicecomitissam et moniales de Colonantiis, super furno quodam litigantes,
764 3449 2196 3562 iudicet. Loewenfeld Epistolae p. 173. — „Causam, que inter“.
945 143 1869 236 ALEXANDER III. 1159—1181.
2547 150 2675 240 341
