3007 3975
653 291 2624 388 1179. (Ind. 12. — 25. Sept. — 13, pont. a. 20. — 20. Sept. — 21, 1178. — 25. Mart. — 1179.)
139 359 346 470 Apr. 4.
395 362 618 463 Laterani
687 371 2649 446 13358 (8695) Monasterii Rotensis protectionem suscipit, possessionesque ac privilegia,
735 435 2651 505 petente Herpordo abbate, confirmat. Pez Thes. anecd. VI. I. 401. — „Religiosam
740 485 1170 552 vitam eligentibus“.
165 541 346 613 „ 4.
472 543 570 618 „
687 532 2651 609 13359 Monasterium Ebersbergense tuendum suscipit, eiusque bona et privilegia con-
733 591 2653 666 firmat, petente Ussengrimo abbate. Pflugk-Harttung Acta II. 375. — „Quotiens a
733 658 910 722 nobis“.
170 702 344 781 „ 5?
472 706 570 788 „
684 695 2653 772 13360 Monasterii S. Mariae Cuissiacensis protectionem suscipit, possessionesque et pri-
737 761 2651 825 vilegia confirmat, petente Hugone abbate. In bibl. nat. Paris. Coll. Grenier t. 258.
735 819 2540 887 f. 16: „. . . non. Apr.“, ibid. t. 267. f. 72: „non. Apr.“ — „Offici nostri nos“.
163 870 349 956 „ 5.
463 870 563 958 „
687 872 2653 940 13361 (8696) Monasterii Garstensis protectionem suscipit, possessionesque ac privilegia,
737 931 2653 1000 petente Conrado abbate, confirmat. Froehlich Diplomat. Garst. p. 51, Urkundenb.
733 978 2653 1053 des Landes ob der Enns I. 126. et II. 359, Migne 200 p. 1221. — „Desiderium,
731 1042 974 1106 quod ad“.
165 1084 346 1168 „ 5.
470 1086 561 1249 „
687 1082 2655 1157 13362*Audomarensibus sub excommunicationis poena praecipit, ut „paludem et pisca-
733 1141 2653 1221 riam“ fratribus S. Bertini Sithiensibus ablatam reddant. Vide lohannis Longi chron.
731 1196 1517 1263 S. Bertini in MG. SS. XXV. 813.
165 1232 346 1327 „ 5.
475 1234 552 1331 „
684 1247 2657 1318 13363 *Monachis S. Bertini Sithiensibus de decima a curatis Burburgensis persolvenda
731 1307 2562 1380 privilegium dat. Vide lohannis Longi chron. S. Bertini in MG. SS. XXV. 813.
165 1362 344 1437 „ 6.
470 1373 558 1442 „
687 1364 2655 1428 13364 Fratribus S. Bertini Sithiensibus asserit ecclesiam, „in nova terra paludis de
735 1413 2644 1488 Burburc“ sitam. In bibl. nat. Paris. Coll. Moreau t. 82. f. 6. (Vide loh. Longi chron
733 1481 2288 1543 S. Bertini in MG. SS. XXV. 813). — „Iustis petentium desideriis“.
167 1523 349 1603 „ 6.
472 1525 554 1609 „
687 1532 2653 1596 13365 (8697) *Monasterii Sinsheimensis protectionem suscipit, privilegiaque confirmat,
731 1583 2525 1651 petente Henrico abbate. Chron. Sinsheim. ap. Mone Quellensammlung I. 207.
165 1634 346 1724 „ 6.
463 1638 563 1742 „
687 1634 2653 1707 13366 Monasterii SS. Petri et Pauli Wissenburgensis, petente Gundelaho abbate, tutelam
733 1693 2653 1762 suscipit, possessiones et privilegia confirmat, „libertatem et praerogativam a b. m.
733 1757 2651 1817 Innocentio et aliis praedecessoribus Rom. pontificibus, atque regibus sive imperatoribus,
737 1808 2655 1870 Dagoberto loci fundatore, Pippino, Karolo, Ludwico, Arnulfo, Cunrado, tribus Ottoni-
733 1863 2655 1923 bus, quatuor Heinricis ecclesiae collatam, scilicet ut ei eiusque successoribus sit po-
733 1923 2655 1985 testas baptizandi“, permanere iubet. (Aut falsa bulla aut interpolata). Zeuss Tra-
731 1969 2646 2044 ditiones Wizenburgenses p. 321, Rheinwald L'abbaye de Wissembourg p. 435. —
735 2022 1429 2086 „Divinae miseratio potestatis“.
165 2078 349 2144 „ 6.
472 2093 561 2155 „
684 2078 2655 2142 13367 Monasterii S. Vitoni Virdunensis protectionem suscipit, possessionesque et privi-
735 2144 2653 2199 legia confirmat, petente Richero abbate. In bibl. nat. Paris. Coll. Moreau t. 82. f. 188.
733 2190 1383 2259 — „Monet nos apostolicae“.
165 2234 346 2305 „ 6.
468 2256 561 2325 „
684 2234 2655 2312 13368 Monasterii SS. Sergii et Bacchi Andegavensis tutelam suscipit, possessionesque
733 2307 2653 2369 et iura confirmat, petente Angerio abbate. In bibl. nat. Paris ms. lat. 13819. f. 272.
729 2358 1257 2415 — „Quotiens illud a“.
167 2400 346 2504 „ 6.
461 2400 567 2517 „
684 2409 2651 2473 13369 (Willelmo) archiepiscopo Remensi, presbytero cardinali (tit. S. Sabinae), aposto-
733 2471 2653 2526 licae sedis legato, eiusque suffraganeis aliisque viris ecclesiasticis mandat, ne a fra-
733 2521 2653 2588 tribus Montis-dei et Vallis S. Petri vel ab aliis ordinis Cartusiensis (1) monachis decimas
733 2572 2651 2636 de laboribus vel de nutrimentis animalium exigi patiantur. Copia s. XIV. (?) in
731 2625 2165 2689 tabul. nat. Paris. L. 231. n. 65. — „Audivimus et audientes“.
167 2669 349 2747 „ 7.
470 2676 563 2809 „
687 2678 2653 2747 13370 (8698) Monasterium S. Nazarii Laureshamense tuendum suscipit, eiusque posses-
733 2740 2651 2809 siones et privilegia confirmat, petente Sigehardo abbate. Chron. Lauresh. in MG. SS.
733 2786 2026 2853 XXI. 452, (Migne 200 p. 1223). — „Quotiens illud a“.
163 2820 349 2917 „ 8.
466 2839 563 2928 „
682 2844 2651 2917 13371 (8699) Monasterii Trenorciensis protectionem suscipit, possessionesque ac privi-
733 2897 2649 2968 legia, petente Gerardo abbate, confirmat. Iuenin Nouv. hist. de Tournus Pr. p. 174,
737 2952 1875 3021 Migne 200 p. 1225. — „Commissae nobis sedis“.
167 2998 346 3131 „ 8.
461 3003 565 3131 „
687 3012 2651 3074 13372 Monasterii S. Taurini, in episcopatu Ambianensi siti, tutelam suscipit, et posses-
735 3074 2649 3127 siones, petente Roberto priore confirmat. (Bulla male descripta). Coét Hist de la
737 3122 2651 3182 ville de Roye I. 556; Apogr. saec. XVII. in bibl. nat. Paris. Titres de Cluni in Coll.
731 3173 2456 3233 de Bourgogne, ut nobiscum communicavit Delisle. — „Ad hoc universalis“.
165 3215 351 3297 „ 9.
468 3217 563 3299 „
687 3230 2651 3290 13373 (8700) Ecclesiae S. Ferucii Blidinstadensis protectionem suscipit, possessionesque
731 3286 2649 3345 confirmat, petente Adalberone abbate. (Fragmenta). Bodmann Rheing. Alterth. p. 75.
167 3330 353 3480 „ 2.
441 3332 565 3467 „
733 3345 1535 3396 — „Religiosam vitam eligentibus“.
687 3387 2649 3456 13374 (8701) Ricardo, archiepiscopo Cantuariensi, apostolicae sedis legato, R(ogerum)
735 3445 2649 3546 abbatem S. Augustini a sese dedicatum nunciat „salvo iure et dignitate efus et
919 139 1847 234 ALEXANDER III. 1159—1181.
2527 150 2655 229 343
