3007 3975
304 139 433 242 344
850 287 2819 382 1179. (Ind. 12. — 25. Sept. — 13, pont. a. 20. — 20. Sept. — 21, 1178. — 25. Mart. — 1179.)
932 362 2847 439 successorum“. Gervasii chronica 1179 ap. Twysden H. A. SS. I. 1446, ed. Stubbs
932 417 2165 494 I. 278, Migne 200 p. 1228. — „Cum dilectus filius“.
598 430 815 618 Lateent
879 474 2847 552 13375 (Amalrico) Hierosolymitano et (Aimerico) Antiocheno patriarchis, archiepiscopis,
326 481 543 563 Apr. 9.
932 538 2845 600 episcopis et universo clero transmarino scribit: „devotionem et reverentiam et sedu-
934 583 2845 655 litatem obsequiorum, quae sibi olim Ianuensis ecclesia et tota civitas in exordio scis-
934 649 2847 706 matis, omni mundano timore postposito, sibi in propria persona et suis nunciis ex-
934 700 2847 768 hibuerit, attendentem“, se „ad exemplar Innocentii II. (vide supra n. 7613) ecclesiam
934 759 2847 819 Ianuensem metropolitana decorasse dignitate“; praeterea „legationem concessisse (Hu-
936 817 2850 874 goni) eiusdem civitatis archiepiscopo transmarinam, ita quidem ut singulis octeniis
936 872 2850 927 cum episcopo vel cardinali Romanae ecclesiae pariter illuc accedere debeat, eandem
934 923 2850 991 auctoritatem recepturus. quam episcopus vel cardinalis habuerit, qui a sese vel suc-
934 973 2847 1040 cessoribus suis de corpore ecclesiae ad partes illas fuerit destinatus“. Praecipit, ut
936 1029 2847 1099 „archiepiscopum, si cum episcopo vel cardinali, a latere summi pontificis destinato,
934 1084 2847 1150 quandocumque fuerit ad partes illas transmissus, benigne curent et honorifice reci-
936 1139 2850 1207 piant, eique humiliter obediant“. Hist. Patr. Mon. Lib. iur. gen. I. 307. — „Aposto-
934 1196 1321 1260 licae sedis, cui“.
885 1241 2850 1316 13376 Monasterii Aureae-vallis (d. Trevirens.) protectionem suscipit, bonaque et privi-
355 1230 543 1333 „ 9.
665 1241 764 1369 „
934 1302 2850 1371 legia confirmat, petente Stephano abbate. (Notae temporis vitiosae.) Goffinet Cartul.
934 1353 2063 1426 d'Orval p. 70. — „Effectum iusta postulantibus“.
888 1408 2847 1479 13377 (8708) Ecclesiae Passaviensis tutelam suscipit, possessionesque et iura confirmat,
364 1413 543 1497 „ 10.
669 1408 757 1486 „
936 1459 2847 1537 petente Friderico decano. Mon. Boic. XXVIII. II. 122 et XXIX. II. 325, Urkundenb.
936 1528 2249 1590 des Landes ob der Enns II. 362. — „Quotiens a nobis“.
883 1572 2852 1636 13378 (8709) Monasterii Wadegozingensis tutelam suscipit, possessionesque et iura con-
360 1576 543 1660 „ 11.
656 1519 768 1649 („)
934 1636 2850 1696 firmat, petente Godefrido abbate. Hugo O. P. A. II. Pr. p. 622, Hontheim Hist.
941 1693 2220 1755 Tr. I. 606, Beyer M. U. II. 68. — „Religiosam vitam“.
888 1731 2854 1806 13379 (8710) Maurimonasterii patrocinium suscipit, bonaque et iura confirmat, petente
364 1742 547 1817 „ 12.
669 1749 757 1819 „
934 1797 2843 1863 Garnerio abbate. Schoepflin Als. Dipl. I. 268, Würdtwein Nov. subs. dipl. X. 79. —
941 1852 1396 1919 „Quotiens a nobis“.
888 1905 2856 1969 13380 (8711) Ecclesiae Salaburgensis patrocinium suscipit, possessionesque ac privilegia
360 1901 545 1985 „ 12.
667 1910 755 2040 „
936 1954 2852 2029 confirmat, petente Conrado archiepiscopo. Mezger Hist. Salisb. p. 985, Hansizii Germ.
938 2016 2856 2080 sacr. II. 299, Zahn Urkundenb. v. Steiermark I. 565. — „Susceptae administra-
932 2067 1113 2137 tionis“.
888 2122 2856 2188 13381 Monasterii S. Petri Pratellensis tutelam suscipit ac possessiones confirmat, petente
362 2113 547 2201 „ 12.
669 2122 757 2228 „
938 2179 2856 2241 Henrico abbate. Cart. de St.-Pierre-de-Préaux s. XIII. et XIV. f. 1 in Archiv. dép.
934 2234 2052 2303 de I'Eure in Evreux. — „Monet nos apostolice“.
888 2287 2856 2362 13382 (8712) Ecclesiae Remensis privilegia et possessiones confirmat, petente Willelmo
362 2226 550 2369 „ 13.
673 2232 760 2391 „
936 2336 2854 2404 archiepiscopo, tit. S. Sabinae cardinali, apostolicae sedis legato. Varin Archives adm.
934 2400 2854 2468 de Reims I. I. 381, Duchesne Hist. des card. Francais II. 133, Migne 200 p. 1231.
938 2446 1369 2521 — „Cum sis per“.
888 2497 2854 2574 13383 (Willelmo) archiepiscopo Remensi, tit. S. Susannae (leg. Sabinae) cardinali, apost.
364 2513 547 2579 „ 14.
662 2508 762 2656 „
936 2563 2852 2627 sed. legato, et eius suffraganeis scribit, prospiciant, ut „fratres de Claro-Maresco sicut
936 2612 2854 2680 alii omnes Cisterciensis ordinis de laboribus, quas propriis manibus aut sumptibus
936 2674 2852 2738 excolunt, nemini decimas solvere teneantur“. (Pro „XVIII. Maii“ leg. „XVIII. kal.
941 2729 2850 2797 Maii“.) Henriquez Fasciculus sanctorum ord. Cist. I. 38, (Neues Archiv VII. 105).
938 2786 1619 2844 — „Audivimus et audientes“.
890 2833 2852 2897 13384 (8713) Sigehardo, abbati Laureshamensi, eiusque successoribus mitrae usum con-
368 2811 550 2908 „ 15.
676 2828 764 2912 „
938 2886 2847 2954 cedit. Chron. Lauresh. in MG. SS. XXI. 453, (Migne 200 p. 1233). — „Speciali gratia“.
888 2941 2850 3007 13385 Monasterii S. Iovini tutelam suscipit, bonaque et iura confirmat, petente Nicolao
368 2897 550 3023 „ 15.
673 2950 762 3018 „
934 2996 2847 3062 abbate. (Pro „XVII. Maii“ leg. „XVII. kal. Maii“). In bibl. nat. Paris. Coll. Moreau
936 3054 2847 3120 t. 82. f. 190. (Société de Statistique du dép. des Deux-Sèvres XVII. II. 38, ubi clau-
936 3111 2121 3171 sula mendis scatet). — „Piae postulatio voluntatis“
890 3162 2850 3230 13386 (8714) W(illelmo), archiepiscopo Remensi, tit. S. Sabinae cardinali, apostolicae
362 3160 552 3241 „ 17.
665 3171 771 3235 „
938 3215 2847 3283 sedis legato, et eius suffraganeis mandat, videant, ne a fratribus Dunensibus vel
936 3268 2847 3339 aliorum monasteriorum Cisterciensis ordinis de novalibus vel de aliis terris, quas
936 3327 2847 3392 propriis manibus vel sumptibus excolunt, vel de nutrimentis animalium decimae
941 3387 2845 3449 quomodolibet extorqueantur. Miraei Opp. dipl. III. 58, Migne 200 p. 1233, (Cron.
938 3442 2273 3537 et cartul. de Dunis p. 262). — „Audivimus et audientes“.
1113 132 2039 227 ALEXANDER III. 1159— 1181.
