3007 3975
656 265 2622 359 1179. (Ind. 12. — 25. Sept. — 13, pont. a. 20. — 20. Sept. — 21, 1178. — 25. Mart. — 1179.)
393 282 616 439 Laterami
687 342 2649 421 13387 Monasterium S. Christinae Ittenwilarense tuendum suscipit, possessionesque et
134 346 351 437 Apr. 18.
735 401 2646 465 et privilegia confirmat, petente Rainaldo praeposito. (Francogallice tantum reddita
737 461 2649 547 est apud) Spach Oeuvres choisies III. 218. — „La force de 1équité“ („Aequitatis
737 521 927 580 vigor“).
687 556 2651 644 13388 Episcopis, abbatibus et universis ecclesiarum praelatis per Salzburgensem pro-
167 552 349 658 „ 12.
461 587 565 660 „
737 620 2649 684 vinciam significat, sese (Conrado) archiepiscopo, apostolicae sedis legato, in provincia
733 682 2646 737 eorum et prius in aliis officium legationis commississe. „Verum“ inquit „ad apostolicam
737 739 2646 795 novissime sedem accedens sua nobis insinuatione monstravit, quod cum vobis tanquam
737 788 2649 859 gregi proprio teneatur, in provincia vestra dumtaxat esse volebat officio legationis
737 850 2644 914 contentus“. Itaque in praescripta provincia officium legationis ei commissum esse.
733 889 2003 967 Pflugk-Harttung Acta II. 376. — „Ad omnes ecclesie“.
684 942 2649 1011 13389 (8715) Monasterii S. Mariae in insula (Galliatae) protectionem suscipit, posses-
165 892 349 1037 „ 12.
737 1009 2646 1084 sionesque ac privilegia confirmat, petente Biviano abbate. Mittarelli Ann. Cam. IV.
733 1057 1710 1135 app. p. 87. — „Quotiens a nobis petitur“.
687 1104 2649 1179 13390 Ecclesiae Glasguensis tutelam suscipit, possessionesque ac iura confirmat, petente
165 1082 344 1199 „ 19.
475 1073 554 1205 „
737 1172 2350 1243 locelino episcopo. Registrum ep. Glasg. I. 42. — „Cum ex iniuncto“.
689 1225 2649 1300 13391 Monasterii S. Salvatoris Septimiani tutelam suscipit, bonaque et privilegia con-
163 1174 351 1316 „ 19.
477 1241 556 1313 „
731 1276 2377 1353 firmat. Wiener Sitzungsber. XCIV. 677. — „Pie postulatio voluntatis“.
163 1298 349 1422 „ 20.
687 1329 2649 1402 13392 Ecclesiae Dublinensis protectionem suscipit, bonaque et iura confirmat, petente
479 1351 561 1428 „
735 1382 2649 1475 Iaurentio archiepiscopo. Usserius Ep. Hib. syIl. p. 81, Liber munerum publ. Hiber-
731 1442 1597 1512 niae IV. 53. — „Cum teneamus ex“.
687 1486 2646 1561 13393 (8716) Henrico, patriarchae Gradensi, et D(ominico), episcopo Caprulensi, mandat,
167 1486 349 1581 „ 22.
468 1506 563 1585 „
740 1559 2646 1614 videant, ut sententia lata inter priorem ecclesiae S. Salvatoris Venetae et plebanum
733 1601 2642 1696 S. Bartholomaei observetur. Cornelii Eccl. Ven. XIV. 103, Migne 200 p. 1234. —
733 1656 1131 1729 „Cum olim tibi“.
165 1691 349 1802 „ 22.
684 1704 2644 1793 13394 (8717) Monasterii S. Mariae Romersdorfensis possessiones et privilegia confirmat,
472 1702 554 1804 „
735 1768 2646 1861 petente Engelberto abbate. Hugo O. P. A. II. Pr. p. 441. — „Piae postulatio vo-
731 1832 954 1896 luntatis“.
684 1868 2649 1958 13395 Ecclesiae Volateranae tutelam suscipit ac possessiones confirmat, petente Hugone
163 1861 346 1974 „ 23.
472 1890 561 1974 „
731 1934 2646 1998 episcopo. Pflugk-Harttung Acta III. 271, (Leoncini Illustr. sul. cat. di Volt. p. 253
733 1987 2649 2078 et 306, ubi eadem bulla d. 1. m. Maii data perperam legitur). — „Cum omnibus
729 2040 958 2115 ecclesiis“.
163 2058 346 2184 „ 25.
684 2086 2646 2179 13396 (Willelmo) archiepiscopo Remensi, presb. card. tit. S. Sabinae, et (Guidoni) Ca-
477 2120 558 2192 „
731 2157 2649 2219 talaunensi et (Petro) Tullensi episcopis mandat, ne a fratribus quibusdam decimas
731 2208 2644 2279 extorqueri patiantur. (Epistolae, secundum formulam: „Audivimus et audientes“ dictatae,
733 2272 2644 2327 huiusmodi praecepta continere solent). Neues Archiv VII. 104. — „Audivimus et“.
687 2327 2646 2398 13397 (8718) *Monasterii Stirpensis protectionem suscipit possessionesque confirmat,
165 2294 349 2402 „ 23.
477 2301 554 2404 „
735 2378 2019 2449 bulla ad Bosonem abbatem. Vide Gall. Christ. II. 622.
163 2387 349 2504 „ 24.
682 2420 2649 2495 13398 Ecclesiae S. Iuliani de Sezannia protectionem suscipit, possessionesque et iura
472 2446 558 2519 „„
731 2484 2649 2566 confirmat, petente Willelmo priore. (Signa chronologica corrupta.) Coll. Moreau t. 82.
731 2537 2085 2612 f. 8 in bibl. nat. Paris. — „Religiosam vitam eligentibus“.
161 2559 351 2678 „ 25.
684 2590 2649 2658 13399 (8719) Petro, episcopo Lunensi, ius benedicendorum abbatum monasterii S. Ca-
475 2614 554 2689 „
731 2645 2359 2718 prasii Arelensis asserit. Ughelli It. sacr. I. 847. — „Cum universale“.
165 2698 349 2793 „ 25.
682 2700 2642 2771 13400 Monasterii S. Arnulfi Metensis possessiones confirmat, petente Burchardo abbate.
486 2698 550 2791 „
733 2756 2646 2842 (Legitur francogallice reddita in) Valladier Basilique p. 117, teste Pflugk-Harttung
733 2811 1657 2879 Acta II. 303 in nota ad calcem n. 340.
684 2857 2649 2943 13401 Ugonem, dominum Gibeleti, hortatur, ut (Hugoni) archiepiscopo et canonicis
163 2848 351 2950 „ 25.
463 2855 561 2961 „
733 2917 2646 2987 Ianuensibus, de feudo, quod ab eorum ecclesia habeat, et censum solvat et fidelitatis
731 2981 2644 3049 iuramentum exhibeat. Hist. Patr. Mon., Lib. iur. Gen. I. 308. — „Pervenit ad nos“.
161 2990 346 3115 „ 26.
678 3027 2646 3107 13402 (Balduinum) regem Hierosolymorum hortatur, ut et aureas de lanuensium privi-
461 3038 563 3115 „
731 3093 2644 3155 legiis litteras, quas pater eius Amaurus rex ex ecclesia S. Sepulcri amoverit, renovet,
731 3144 2644 3217 et pecuniam lanuensibus ab eodem rege ablatam restituat. Hist. Patr. Mon. Lib.
735 3197 1696 3270 iur. Gen. I. 309. — „Significarunt nobis“.
682 3237 2644 3319 13402a Magistro et fratribus domus militiae Templi mandat, ut propter domos quasdam,
163 3210 349 3327 „ 26.
470 3268 554 3345 „
733 3310 2644 3369 „extra civitatem Archarum in proprio fundo Ianuensis ecclesiae“ constructas, cum
735 3365 2642 3445 archiepiscopo et canonicis lanuensibus transigant. Giornale Ligustico 1883 p. 164.
735 3422 2151 3537 Faus“-tarttuns drta 1I. 218. — „enerabulis frater noster“
163 3425 737 3568 Saracua „. — „
2297 3447 2370 3575 „„
916 112 1842 220 ALEXANDER III. 1159—1181.
2525 114 2653 225 345
