3007 3975
653 282 2626 379 1179. (Ind. 12. — 25. Sept. — 13, pont. a. 20. — 20. Sept. — 21, 1178. — 25. Mart. — 1179.)
684 357 2653 439 13420 (8725) Alphonsi, Portugalensium regis, protectionem suscipit, „et regnum Portu-
399 342 616 448 Laterani
134 357 349 443 Mai. 23.
737 426 2655 492 galense cum integritate honoris regni et dignitate, quae ad reges pertinet, nec non
740 479 2653 541 et omnia loca, quae de Saracenorum manibus eripuerit, in quibus ius sibi non possint
740 525 2655 598 Christiani principes circumpositi vendicare, ei concedit et auctoritate apostolica con-
737 587 2653 651 firmat; et haec ipsa haeredibus eius ducit concedenda“. „Ad indicium autem“ inquit
740 647 2655 711 „quod praescriptum regnum b. Petri iuris existat, pro amplioris reverentiae argumento
740 700 2653 761 statuisti duas marchas auri annis singulis nobis nostrisque successoribus persolvendas;
742 748 2653 821 quem itaque censum ad utilitatem nostram successorumque nostrorum Bracarensi
742 810 2655 867 archiepiscopo, qui pro tempore fuerit, tu et successores tui curabitis assignare“. Sousa
740 861 2655 925 Provas I. 7, (Brandao Monarchia Lusitana III. 295, Migne 200 p. 1237). — „Mani-
740 918 1307 982 festis comprobatum est“.
691 969 2653 1026 13421 (8726) Monasterii S. Mariae Nienburgensis privilegia confirmat. Beckmann Hist.
170 954 351 1057 „ 24.
472 984 570 1053 „
744 1018 2651 1086 v. Anhalt I. 443, Heinemann C. D. Anhalt. I. 417, cf. emendationes ibid. V. 406. —
740 1082 1460 1143 „Religiosam vitam eligentibus“.
689 1126 2655 1196 13422 (8727) Monasterii Hagenrodensis protectionem suscipit, possessionesque ac privi-
167 1099 349 1221 „ 24.
477 1110 567 1216 „
740 1190 2653 1252 legia, petente Ottone praeposito, confirmat. Beckmann Hist. v. Anhalt. I. 461, Heine-
740 1247 2185 1311 mann C. D. Anhalt. I. 419. — „Religiosam vitam eligentibus“.
689 1294 2653 1364 13423 Monasterii Schafhusensis protectionem suscipit, possessionesque et iura confirmat,
170 1294 351 1380 „ 25.
470 1318 572 1384 „
740 1355 2655 1424 petente Noggero abbate. Rueger Chronik v. Schaffhausen p. 267, Wirtemberg. Ur-
740 1400 2653 1481 kundenb. IV. 371, (Fickler Quellen und Forsch. p. 60; cf. Schweizer. Urkundenregister
737 1468 1433 1530 II. 290). — „Cum teneamur“.
693 1517 2653 1585 13424 Novi monasterii Pictaviensis protectionem suscipit, possessionesque et privilegia,
170 1517 351 1594 „ 25.
475 1523 572 1596 „
740 1570 2655 1643 petente Helia abbate, confirmat. Coll. Moreau t. 82. f. 10. (Bullae mentio fit in
740 1629 2609 1687 Gall. Chr. II. in fine p. LXVII. ad col. 1267). — „Ad hoc universalis ecclesiae“.
687 1684 2655 1755 13425 Hugoni primicerio et canonicis S. Stephani Metensibus bullam dat. Neues Archiv
167 1691 349 1757 „ 25.
479 1689 565 1768 „
742 1729 1341 1808 VII. 105. — „Ideo licet“.
691 1790 2657 1852 13426 (8728) Ecclesiae SS. Stephani et Willehadi Bremensis patrocinium suscipit et
167 1802 349 1870 „ 29.
470 1799 570 1885 „
740 1850 2653 1919 possessiones iuraque confirmat, petente Heinrico praeposito. Lappenberg Hamb. Urk.
740 1896 2562 1961 I. 222, Bremisches Urkundenb. I. 59, Migne 200 p. 1238. — „Cum in sacris“.
134 1956 346 2047 Iun. I.
687 1958 2655 2025 13427 Decretum in concilio (Lateranensi) promulgatum, quo ecclesias et decimas, fra-
468 1967 574 2060 „
742 2018 2653 2080 tribus hospitalis Hierosolymitani „moderno tempore“ a laicis concessas, revocaverat,
740 2069 2655 2131 ita interpretatur, ut quas „a decem annis retro“ habuerint, eas confirmet. Prutz
740 2126 1871 2192 Malteser Urk. p. 116. — „Attendentes affectum“.
687 2177 2653 2239 13428 Compositionem inter abbatem S. Bertini et abbatissam Burburgensem, super ter-
165 2144 344 2263 „ 2.
470 2137 574 2283 „
740 2228 2653 2294 minis parochiae Sithiensis a Desiderio episcopo Morinensi factam, approbat. In bibl.
740 2290 2653 2354 nat. Paris. Coll. Moreau 81. f. 127. (Vide loh. Longi chron. in MG. SS. XXV. 813,
742 2349 2653 2418 ubi bullae mentio fit hisce verbis: „Item aliud ad idem, Dat. Laterani nonas Iunii“).
742 2400 1480 2464 — „Iustis petentium desideriis“.
687 2446 2653 2513 13429 Novi-monasterii Pictaviensis tutelam suscipit, possessionesque et privilegia con-
165 2420 346 2535 „ 6.
475 2460 572 2535 „
737 2502 2653 2568 firmat, petente Helia abbate. In bibl. nat. Paris. ms. lat. 13819. f. 35. (Sitne haec
740 2557 2651 2621 bulla eadem ac 13424, et pro „8. id. Iun.“ legendum „S. kal. Iun.“?) — „Adhoc universalis“.
691 2614 2653 2683 13430 Ecclesiae S. Simeonis Trevirensis patrocinium suscipit, bonaque et iura confirmat,
170 2605 351 2691 „ 8.
477 2636 567 2694 „
737 2663 2512 2731 petente Fulmaro decano. Beyer M. U. II. 72. — „Pie postulatio voluntatis“.
687 2720 2653 2786 13431 Ermengaudo abbati et fratribus S. Aegidii significat, sese alienationes possessio-
165 2689 349 2802 „ 9.
470 2738 574 2802 „
740 2784 2653 2848 num vel reddituum, a R(aimundo) quondam abbate illicite factas, in irritum revocare.
737 2835 1999 2901 Goiffon Bull. de St. Gilles p. 90. — „Licet universis“.
689 2879 2651 2956 13432 Monasterii S. Gervasii (de Fos) abbatem ex decano S. Aegidii electum confirmat,
165 2897 353 2956 „ 12.
463 2895 576 2965 „
740 2948 2653 3003 iubetque eum ab archiepiscopo Arelatensi vice sua benedici, salvo iure Romanae ec-
742 3007 2653 3076 clesiae, ad quam monasterium specialiter pertineat. Goiffon Bull. de St. Gilles p. 91.
740 3054 1354 3118 — „Dilectus filius noster“.
687 3100 2653 3171 13433 Monasterii S. Carauni tutelam suscipit, possessionesque et privilegia confirmat,
170 3087 355 3186 „ 14.
461 3089 570 3191 „
742 3168 2651 3228 petente Aucherio abbate. In bibl. nat. Paris. Cart. de de St. Cheron, ms. lat. nouv.
740 3226 2335 3277 acqu. 1409, cuius folia numeris adhuc carent. — „Quotiens a nobis“.
689 3277 2651 3334 13434 (Henrico), patriarchae Gradensi, significat, (Theobaldum), episcopum Eugubiensem,
170 3244 357 3376 „ 14.
455 3239 574 3383 „
737 3325 2653 3387 archiepiscopum laderensem electum et a sese confirmatum esse. Haec addit: „Quod
742 3374 2651 3438 idem archiepiscopus de manu tua consecrationis munus non accepit, cum ipse ponti-
742 3436 2651 3542 ficali otficio praeditus consecratione nequaquam egeret, statuimus, quod nec tibi nec
2291 3500 2379 3586 44*
923 128 1844 236 ALEXANDER III. 1159—1181.
2527 132 2655 229 347
