3007 3975
329 141 455 236 348
872 291 2834 384 1179. (Ind. 12. — 25. Sept. — 13, pont. a. 20. — 20. Sept. — 21, 1178. — 25. Mart. — 1179.)
952 377 2867 441 ecclesiae tuae in posterum praeiudicium generetur, sed tibi tuisque successoribus
954 430 2865 507 laderensis archiepiscopi consecratio et confirmatio reservetur“. (Textus mendosus).
954 483 2070 547 Mon. Hung hist. I. xr. 137. — „Cum defuncto“.
618 521 835 649 Laterami
905 538 2867 605 13435 Donationem a Raimundo, quondam S. Aegidii abbate, P. Bertrando, ciusdem villae
344 518 565 611 lun. 16.
952 598 2861 666 burgensi, in monasterii detrimentum factam revocat. Goiffon Bull. de St. Gilles p. 92.
954 644 1619 722 — „Suggestum est auribus“.
903 697 2865 775 13436 Monasterium Mogglinense tuendum suscipit eiusque possessiones et privilegia,
382 693 565 821 „ 18.
691 700 775 821 „
952 757 2865 836 petente Alberone abbate, confirmat. Cod. dipl. maioris Poloniae I. 30. — „Quotiens
952 812 1345 883 a nobis petitur“.
903 854 2867 938 13437 (8729) Monasterii S. Petri lovillarensis protectionem suscipit, bonaque ac privi-
384 856 565 965 „ 21.
691 854 775 967 „
956 923 2867 1002 legia, petente Raimundo abbate, confirmat. Hugo O. P. A. I. Pr. p. 712. — „Quotiens
954 976 1164 1040 illud a“.
905 1018 2867 1097 13438 (8730) Monasterii S. Iohannis Pinnensis possessiones et privilegia confirmat, pe-
386 1022 567 1124 „ 26.
691 1013 773 1141 „
954 1097 2867 1163 tente Dodone abbate. Martinez Hist. S. Iuan de la Pefia p. 265. — „Iustis peten-
952 1139 1336 1203 tium desideriis“.
905 1188 2872 1260 13439 Ecclesiae S. Salvatoris Ultraiectensis patrocinium suscipit possessionesque ac pri-
380 1179 565 1289 „ 27.
695 1177 773 1287 „
961 1258 2870 1316 vilegia confirmat. Van den Bergh Oorkondenboek van Holland I. I. 100, (Sloet
952 1302 2056 1378 Oorhondenboek I. 351). — „In eo loco sumus“.
351 1342 574 1506 net len.
905 1355 2870 1426 13440 In (Henricum) episcopum Silvanectensem invehitur, quod mandatum apostolicum
954 1422 2870 1484 de praebenda I(ohanni) poétae, „olim b. m. O(ddonis) Tusculanensis, nunc vero clerico
954 1477 2867 1534 B(erneredi) episcopi Praenestini“, assignanda iterum vilipenderit ac dimidiam praeben-
956 1530 2872 1590 dam clerico cuidam rogatu L(udovici) Francorum regis assignaverit, et, quod nequius
956 1585 2870 1651 sit, eidem lohanni „per praefatum regem fecerit interdictum de migrando proponi,
954 1634 2870 1702 si a sua nollet peticione cessare“. Praecipit, ut ei Hugonis de Oratorio nuper mortui
954 1693 2651 1762 beneficium assignet. Loewenfeld Epistolae p. 175. — „Quam parum sit“.
905 1735 2867 1815 13441 (Willelmum) Remensem archiepiscopum, S. Sabinae cardinalem, apost. sed. legatum,
371 1751 530 1863 „ „
956 1806 2870 1863 de superiore ad (Henricum) Silvanectensem epistola certiorem reddit mandatque, ut
954 1859 2870 1919 eum a praebendarum donatione suspendat, donec I(ohanni) poétae beneficium assig-
956 1908 2867 1976 natum sit. Praecipit, ut compositionem inter Iohannem et P. de Monte, a P(etro)
956 1969 2870 2036 episcopo Tusculano, tunc tit. S. Grisogoni presb. cardinali factam, observari faciat.
958 2016 2284 2080 Loewenfeld Epistolae p. 176. — „Non sine ammiratione“.
905 2062 2870 2135 13442 (Stephano) decano et capitulo Silvanectensi de superioribus ad Willelmum Re-
373 2058 528 2179 „ „
956 2124 2867 2190 mensem et Henricum Silvanectensem epistolis scribit. Prohibet, ne quem in canoni-
954 2177 2865 2259 cum recipiant, donec lohanni poétae praebenda integra collata sit. Loewenfeld Epi-
954 2239 1824 2307 stolae p. 177. — „Per alias litteras“.
910 2285 2870 2356 13443 (Rogerio) abbati Beccensi et R(oberto) decano Rotomagensi negotium dat, in-
958 2345 2867 2411 vestigent, utrum canonicis Baiocensibus an monachis Alnetensibus nemus quoddam
952 2402 2680 2464 adiudicandum sit. Loewenfeld Epistolae p. 178. — „Recepimus querelam“.
908 2457 2870 2524 13444 (Rogerium) abbatem Beccensem et R(obertum) decanum Rotomagensem constituit
958 2515 2865 2577 iudices inter G. canonicum Rotomagensem et fratres S. Iohannis de Monteforti, de
956 2568 2719 2630 fundo quodam litigantes. Loewenfeld Epistolae p. 179. — „Querela dilecti“.
908 2621 2865 2683 13445 Petente (Maria) comitissa, H(enrici) Trecensis terram abhinc usque ad eius re-
961 2685 2865 2742 ditum ex partibus Hierosolymitanis protegendam suscipit. Loewenfeld Epistolae p. 179.
961 2736 1429 2802 — „Licet omnibus“.
908 2769 2870 2848 13446 Severico, archidiacono Norhamtonensi, (postea episcopo Bathoniensi), aere alieno
958 2837 2867 2903 oppresso, indulget ut, si mori eum contingat, redditus eius per annum creditoribus per-
958 2897 2359 2965 solvantur. Loewenfeld Epistolae p. 180. — In his, que ad“.
908 2939 2867 3012 13447 (Willelmo) archiepiscopo Burdigalensi, B. decano et canonicis S. Severini P. dia-
961 3005 2867 3067 conum commendat, quem in praescripta ecclesia canonicum institui cupit. Loewen-
958 3051 2026 3129 feld Epistolae p. 180. — „Viris ecclesiasticis“.
908 3100 2870 3173 13448 (Simoni) episcopo Meldensi mandat, ut Her(wei) canonici dimidiam praebendam
353 3067 565 3180 Ful. 1.
700 3082 786 3175 „
958 3168 2865 3239 integrare non differat. Loewenfeld Epistolae p. 181. — „Officio nostro congruit“.
910 3219 2865 3283 13449 (Michaelem) decanum et canonicos Meldenses de superiore epistola certiores
698 3210 793 3281 „
340 3215 565 3334 „ I.
961 3277 2865 3341 reddit hortaturque, ut episcopum ad Her(vei) dimidiam praebendam integrandam ad-
961 3327 2273 3403 ducant. Loewenfeld Epistolae p. 181. — „Audito quod“.
908 3383 2863 3460 13450 Monasterii Fallerensis possessiones et iura confirmat, bulla ad lohannem abbatem.
380 3367 570 3546 „*
680 3374 790 3517 „
961 3436 2163 3551 Pfugk-Hlarttung lter p. 286. — „Religiosar vitam“.
1135 141 2059 234 ALEXANDER III. 1159—1181.
