3007 3975
660 276 2633 366 1179. (Ind. 12. — 25. Sept. — 15, pont. a. 20. — 20. Sept. — 21, 1178. — 25. Mart. — 1179.)
136 357 355 441 Iul. 4.
402 346 620 490 Faterami
689 351 2662 448 13451 Monasterii S. Aegidii libertatem ac privilegia confirmat, petente Ermengaudo
737 415 2377 496 abbate. Goiffon Bull. de St. Gilles p. 93. — „Cum omnibus ecclesiis“.
174 488 353 591 „ 4.
479 516 565 594 „
691 477 2660 549 13452 W(illelmo) Remensi, S. Sabinae cardinali, ap. sed. legato, et (Rotroco) Roto-
742 543 2657 607 magensi archiepiscopis aliisque personis ecclesiasticis in eorum episcopatibus consti-
742 602 2657 664 tutis mandat, ne a Fulcardimontensibus sicut nec ab aliis ordinis Cisterciensis fratribus
740 651 2660 717 decimas „de novalibus vel de aliis terris, quas propriis manibus vel sumptibus co-
740 715 2662 770 lant, sive de nutrimentis animalium“ extorqueri patiantur. In bibl. nat. Paris. Cartul.
742 764 2660 843 Fulcardimont. ms. lat. nouv. acqu. 248. f. 8d, (Neues Archiv VII. 104). — „Audi-
744 819 1219 887 vimus et audientes“.
486 903 561 965 „
693 867 2660 949 13453 (8731) Ecclesiam S. Mariae ad Fine tuendam suscipit, eiusque possessiones con-
740 938 2662 1015 firmat, petente Ugone priore. (Mendosa sunt signa chronologica: „VIIII. kal. Oct.,
746 991 2662 1073 Ind. . . „ inc. a. MCL.XXIX., p. a. XX.“). Muratori Ant. It. III. 1177, Migne 200
742 1042 2333 1128 p. 1241, (Pflugk-Harttung Iter p. 284). — „Apostolici moderaminis“.
176 1099 362 1199 „ 13.
391 1090 634 1199 Praeneste
691 1117 2662 1179 13454 Canonicorum ecclesiae Noviomensis possessiones confirmat. Ex chartul. capit.
746 1168 2660 1241 Noviom. p. 48 in Arch. dép. de IOise in Beauvais. Misit Delisle. — „Quotiens illud“.
174 1232 353 1305 „ 21.
415 1236 612 1313 Signiae
693 1227 2662 1300 13455 lohanne decano et canonicis Noviomensibus petentibus, confirmat leges „de me-
744 1294 2662 1355 liorandis vineis et de denariis provenientibus ex rebus, quae subtrahantur foraneis
744 1351 2662 1415 et non residentibus“. Ex chartul. capit. Noviom. p. 54 in Arch. dép. de l'Oise in
744 1402 1771 1475 Beauvais. Misit Delisle. — „Ea, quae pro“.
172 1433 353 1583 „ „„
486 1448 565 1592 „
693 1448 2662 1532 13456 (8732) Ecclesiam S. Salvatoris de Rivoalto Venetam qui die dedicationis, a sese
744 1523 2662 1585 factae, adierint, iis „viginti dies de iniuncta poenitentia remittit“. Cornelii Eccl.
746 1576 2116 1647 Venet. II. 279, Migne 200 p. 1242. — „Apostolicae sedis“.
174 1609 355 1702 „ 27.
475 1612 570 1755 „
695 1627 2662 1700 13457 (8733) Lombardo, „quondam archiepiscopo Beneventano“, canonicorum voluntate
740 1680 2662 1751 tribuit: „molendinum in pede suburbii situm: sexaginta saumas puri vini per an-
742 1740 2660 1808 num cum vegetibus, in quibus possit reponi; 48 romanatos de paradiso et de altari
742 1804 2662 1863 tantum, quod 24 unciarum auri compleat, toto vitae tempore annuatim habenda;
742 1852 2662 1912 de libris eius et indumentis disponendi potestatem; et domum de Turricella ad habi-
742 1901 2662 1972 tandum“. De Vita Thes. ant. Benevent. II. 396, Ughelli It. sacr. VIII. 122, Campi
740 1961 2527 2031 Hist. di Piac. II. 364, Migne 200 p. 1242. — „Venientibus ad praesentiam“.
145 1996 355 2137 Aag. 2.
488 2005 565 2142 „
693 2014 2664 2080 13458 (8734) Pacem inter fratres militiae templi Hierosolymitani et fratres Hospitalis
744 2075 2662 2139 de terris et pecuniis aliisque rebus conciliatam confirmat. Rymer Foedera I. 44,
748 2135 1866 2197 Migne 200 p. 1243. — „Quanto religio vestra“.
176 2148 349 2272 „ 2?
477 2153 572 2303 „
695 2170 2664 2256 13459 Prohibet „sub excommunicationis poena, ne quis in eos, qui ad domos fratrum
744 2232 2662 2301 templi Hierolymitani pro salute sua confugiunt, manus violentas iniiciat“. (Pro „VI.
746 2290 2660 2362 Aug.“ legendum videtur ut in bulla praecedenti „VI. non Aug.“ Verba „pont. anno“
744 2345 2660 2407 certe additicia sunt). Prutz Malteser Urk. p. 29 not., idem ap. Löher Arch. Zeitschr.
746 2398 1069 2466 VIII. 91 not.
170 2444 355 2526 „ 4.
477 2455 574 2524 „
695 2442 2660 2519 13460 (8735) Decano et capitulo Laudunensi concedit, ne quis „communiam Laudu-
742 2504 2662 2572 nensem, per L(udovicum) Francorum regem dissolutam, renovare vel faccre etiam
748 2572 2664 2632 ultra praesumat; neve episcopis liceat sine assensu eorum, vel maioris et sanioris
748 2625 2662 2691 partis capituli, aliquam communiam, vel generalem constitutionem, quae communiam
746 2672 2662 2747 palliato nomine sapiat, ordinare“. Bouquet Rec. XV. 967. — „Pastoralis officii
742 2727 908 2793 cura“.
174 2767 355 2853 „ 10.
481 2773 574 2899 „
693 2769 2662 2848 13461 Ecclesiaé Lateranensi possessiones de Lacu cum vineis et quatuor molendinis
746 2839 2660 2908 obligat, petente lohanne priore. Pflugk-Harttung Acta III. 273. — „Licet ex
744 2888 1036 2961 iniuncta(e)“.
174 2934 353 3027 „ 18.
477 2963 581 3065 „
698 2939 2662 3012 13462 (8736) Compositionem factam inter monachos S. Vedasti et comitem Hannonien-
748 3001 2660 3071 sem super iuribus villae Hasprensis confirmat. Martene et Dur. Coll. I. 906, Bouquet
748 3051 2127 3120 Rec. XV. 968, Migne 200 p. 1245. — „Relationis vestrae“.
174 3113 360 3180 „ 18.
475 3109 598 3230 „
695 3109 2655 3184 13463 Archiepiscopis et episcopis litteras dat. Sic in Neues Archiv VII. 106. —
746 3168 1025 3233 „Cura nos“.
128 3195 368 3286 Apr. Sept.
698 3208 2660 3286 13464 Ecclesiae Tarvanensis tutelam suscipit possessionesque confirmat. (Dat. 1179
751 3270 2662 3347 p. a. 20. Cetera signa temporis iam legi nequeunt). Duchet et Giry Cart. de Térouane
748 3327 1327 3398 p. 49. — „Ad hoc nos“.
139 3361 366 3473 Sept. 7.
472 3367 581 3511 „
700 3369 2660 3453 13465 (8737) Richardi, archiepiscopi Acherontini, iura confirmat, eique pallium tribuit.
753 3438 2251 3542 Cghelli It. sacr. VII. 33. Migne 200 p. 1246. — „In eminentis“.
919 125 1849 223 ALEXANDER III. 1159—1181.
2529 132 2662 227 349
