3007 3975
324 139 457 225 350
874 278 2845 375 1179. (Ind. 12. — 25. Sept. — 13, pont. a. 20. — 20. Sept. — 21, 1178. — 25. Mart. — 1179.)
342 353 567 461 Sept. 7.
629 357 819 450 Signiae
905 353 2872 435 13466 (8738) Monasterii Grimbergensis protectionem suscipit, bonaque ac privilegia
958 424 2870 494 confirmat, petente Egberto abbate. Hugo O. P. A. I. Pr. p. 611. — „Religiosam
958 465 1394 536 vitam eligentibus“.
380 516 563 620 „ 9.
687 552 784 616 „
908 516 2874 587 13467 (8739) Decanum et canonicos S. Aniani Aurelianensis hortatur, „ut canonicis
954 587 2874 640 S. Evurtii, qui praebendam integram in ecclesia S. Aniani habeant, ibi in festis
954 640 2874 706 duplicibus super maiori altari divina celebrare permittant“. Humbert Antiqu. de
952 691 2379 759 Saint-Aignan d'Orléans Pr. p. 53. — „Significantibus dilectis“.
375 715 565 859 „ 3.
689 766 790 845 „
908 737 2872 810 13468 Rogero, abbati S. Evurtii Aurelianensi, asserit domum de Vado Ulmi concessam
954 797 2872 859 a M(anasse) episcopo et capitulo Aurelianensi ac conventu Gargogilensi. Ex Chartul.
954 861 2874 916 S. Evurtii, ms. lat. 10089. p. 525 et 526 in bibl. nat. Paris. misit Delisle. — „Si
954 905 1246 967 quando ab“.
386 945 565 1068 „ 10.
687 956 777 1064 „
908 947 2874 1029 13469 (8740) Monasterii S. Mariae Parcensis protectionem suscipit, possessionesque ac
958 1013 2872 1088 privilegia confirmat, petente Philippo abbate. Hugo O. P. A. II. Pr. p. 312, Miraei
956 1073 1884 1139 Opp. dipl. II. 975. — „Cum simus ad“.
382 1108 565 1201 „ 11.
684 1110 784 1210 „
905 1121 2874 1192 13470 Parthenoni Crisenonensi asserit redditus quosdam, a (Guillelmo) episcopo
961 1190 2874 1247 Autissiodorensi concessos. In bibl. nat. Paris. Cartul. Crisenon. s. XIII. ex., ms. lat.
956 1236 1796 1305 9885. f. 4. — „Dilectis in Christo“.
384 1260 567 1373 „ 15.
680 1294 782 1375 „
908 1287 2874 1355 13471 (8741) Ecclesiae Cameracensis tutelam suscipit, possessionesque et privilegia con-
952 1342 2874 1408 firmat, petente Rogero episcopo. Choiseul Mémoire pour M. l'archeveque de Cambrai
954 1404 1723 1470 p. 20. — „Et debitum caritatis“.
382 1439 565 1537 „ 15.
676 1450 782 1543 „
908 1455 2874 1519 13472 Parthenonis de Gillegien (Gillengen) protectionem suscipit, bonaque et privilegia
954 1508 2874 1587 confirmat. (Pro „Sigium“ leg. „Signiae“). Duvivier Recherches p. 617. — „Pie postu-
954 1572 1347 1634 latio voluntatis“.
382 1590 567 1704 „ 18.
676 1620 779 1702 „
905 1618 2872 1693 13473 (8742) Monasterii Wessenbrunnensis patrocinium suscipit et bona iuraque con-
954 1671 2872 1753 firmat, petente Sigibaldo abbate. Mon Boic. VII. 385. — „Religiosam vitam eligen-
954 1737 1120 1797 tibus“.
346 1749 565 1872 Oct. 11.
908 1773 2872 1848 13474 (8742a) Nobili viro Rainoni de Tusculano castrum Normae et viculum confert,
956 1846 2874 1901 et ab ipso castrum Lariani recipiat. Muratori Ant. It. I. 141, (Pertz Archiv VII. 24).
386 1892 570 1987 „ 17.
607 1846 843 1978 Anagniae
905 1890 2874 1956 13475 (8743) Ecclesiae Lausannensis protectionem suscipit, bonaque et iura confirmat.
961 1947 2874 2011 Rogerio episcopo pallii usum concedit. (Signa chronologica sunt corrupta). Schoepflin
961 2005 2874 2067 Hist. Zar. Bad. V. 120, Mém. et doc. de la société de la Suisse Rom. VII. 24, Gall.
954 2055 2874 2139 Chr. XV. Instr. 156, Fontes Rer. Bern I. 461, Migne 200 p. 1247. — „Cogit nos
954 2120 1155 2181 summi“.
382 2146 567 2250 „ 17.
691 2175 786 2252 „
908 2164 2876 2237 13476 Monasterii Humilimontensis patrocinium suscipit, possessionesque et privilegia
958 2228 2874 2285 confirmat, petente Martino abbate. (Notae temporis vitiosae). Pflugk-Harttung Acta
961 2285 2825 2338 I. 269, (Schweizer. Urkundenregister II. 294). — „Religiosam vitam eligentibus“.
384 2298 565 2422 „ 18.
687 2347 790 2433 „
908 2334 2872 2398 13477 (8744) Monasterii S. Crucis Bosonis-villensis protectionem suscipit, possessiones-
958 2382 2874 2451 que ac iura confirmat, petente Gualterio abbate. Calmet Hist. de Lorr. II. Pr. p. 386,
958 2446 1933 2510 Migne 200 p. 1248. — „Quoties illud a“.
386 2466 565 2583 „ 19.
691 2513 786 2585 „
908 2495 2874 2557 13478 Ecclesiae S. Iohannis de burgo Laudunensi protectionem suscipit, bonaque et
961 2555 2872 2627 iura confirmat, petente Harduino decano. In bibl. nat. Paris. Coll. Grenier t. 258.
958 2599 1630 2672 f. 27. — „Quotiens illud a“.
386 2616 563 2751 „ 12.
691 2680 793 2762 „
908 2650 2874 2733 13479 (8745) Monasterii SS. lacobi et Wiperti Quedlinburgensis protectionem suscipit,
961 2725 2874 2784 possessionesque ac privilegia confirmat, petente Brunone praeposito. Erath Cod. dipl.
958 2767 2706 2842 Quedl. p. 99, (Hugo O. P. A. II. Pr. p. 727). — „Quoties a nobis petitur“.
386 2775 565 2926 „ „„
693 2778 793 2948 „
910 2826 2872 2888 13480 (8746) Monasterii Parisiensis (in Alsatia) prosectionem suscipit bonaque et pri-
963 2884 2874 2954 vilegia confirmat, petente Conrado abbate. Neues Archiv II. 213. — „Religiosam
958 2928 1396 3005 vitam eligentibus“.
386 2976 570 3087 „ 24.
682 2930 786 3085 „
908 2981 2876 3054 13481 (8747) Ecclesiam Asculanam, petentibus canonicis, tuendam suscipit et bona eius
958 3045 2872 3118 confirmat. Ughelli It. sacr. I. 455, Andreantonelli Hist. Ascul. p. 259, Migne 200
958 3093 1670 3168 p. 1251. — „Quoties illud a“.
382 3102 567 3233 „ 25.
682 3162 797 3239 „
910 3142 2874 3226 13482 (Evrardo) archiepiscopo Vesontionensi et (Ludovico) episcopo Basileensi et
961 3202 2870 3272 abbatibus, praepositis, archipresbyteris, archidiaconis, presbyteris in eorum episcopati-
961 3266 2874 3323 bus constitutis interdicit, „ne a fratribus Lucellensibus vel a fratribus aliorum mona-
961 3316 2874 3376 steriorum Cistercensis ordinis de novalibus vel de aliis terris, quas propriis manibus
965 3369 2870 3453 vel sumtibus excolunt, vel de nutrimentis animalium decimas extorqueant“. Trouillat
963 3433 2138 3537 Hon. de Bale I. 27I. — „Sudivdmus et audientes“
1129 123 2054 231 ALEXANDER III. 1159—1181.
