3007 3975
640 282 2611 371 1179. (Ind. 12. — 25. Sept. — 13, pont. a. 20. — 20. Sept. — 21, 1178. — 25. Mart. — 1179.)
117 342 335 494 Oct. 80.
375 348 607 490 Anagniae
669 364 2633 450 13483 W(illelmo), archiepiscopo Remensi, tit. S. Sabinae cardinali, apost. sedis legato,
722 428 2635 488 eiusque suffraganeis et aliis ecclesiarum praelatis mandat, videant, ne a fratribus
722 481 2640 545 Boeriensibus, sicut nec ab aliis ordinis Cisterciensis monachis, „decimae de novalibus
724 538 2640 600 vel de aliis terris, quas propriis manibus vel sumptibus excolunt, sive de nutrimentis
722 594 2635 664 pecorum“ extorqueantur. Autograph. (?) in tabul. nat. Paris. L. 231. I. 61. —
722 640 1323 706 „Audivimus et audientes“.
669 695 2640 764 13484 (Simoni) episcopo Meldensi iterum praecipit, ut H(ervei) canonici dimidiam prae-
720 759 2638 819 bendam integret; quod nisi fecerit, W(illelmum) archiepiscopum Remensem, tit. S.
720 810 2640 874 Sabinae cardinalem, mandatum apostolicum executurum esse scribit. . Loewenfeld
724 872 1745 925 Epistolae p. 182. — „Cum fraternitati tue“.
669 914 2640 982 13485 (Michaeli) decano et capitulo Meldensi mandat, curent, ne (Simon) eorum episcopus
718 973 2640 1040 dimidiam H(ervei) praebendam integrare ulterius recuset. Loewenfeld Epistolae p. 183.
720 1029 1274 1097 — „Maioribus ecclesie“.
117 1068 333 1143 Nov. 3.
448 1071 552 1190 („)
671 1073 2640 1146 13486 (8748) Monasterii S. Nicolai Clarifontensis protectionem suscipit, bonaque ac
720 1143 2640 1212 privilegia confirmat. Hugo O. P. A. I. Pr. p. 404. — „Piae postulatio volun-
715 1190 874 1260 tatis“.
148 1227 326 1329 „ 4.
461 1280 550 1353 „„
669 1238 2638 1316 13487 Monasterii Altae-cristae protectionem suscipit et possessiones iuraque confirmat,
724 1305 2640 1366 Mem. et Doc. de la Suisse Rom. XII. Cartulaire de Haucret p. 38. — „Religiosam
722 1360 1162 1426 vitam eligentibus“.
148 1391 329 1479 „ 5.
452 1395 552 1506 „
669 1402 2640 1475 13488 (8749) Parthenonis Reinsburgensis protectionem suscipit, possessionesque confir-
720 1466 2635 1534 mat, petente Sophia abbatissa. (Pro: „Angeli“ leg. „Anagniae“). Mieris Charterboek
720 1525 2615 1583 van Holland I. 118, Van den Bergh Oorkondenb. I. r. 10I. — Virginibus saeris“.
148 1554 324 1649 „ 6.
452 1563 552 1689 „
669 1570 2635 1647 13489 Monasterii S. Petri Mansus-Corbonis (vel Arremarensis) protectionem suscipit,
722 1629 2635 1702 possessionesque et privilegia confirmat, petente Nicolao abbate. In bibl. nat. Paris.
720 1689 2635 1753 Cart. de Montieramey ms. lat. 5432. s. XIV. f. 122d, ms. lat. 5433. s. XVII. f. 655,
720 1735 2635 1806 (Clausula bullae, quae in cartulariis deest, praebetur in Neues Archiv VII. 106). —
720 1793 1425 1868 „Effectum iusta postulantibus“.
148 1830 326 1923 „ 6.
459 1828 543 1974 „
669 1846 2635 1919 13490 Monasterio S. Vincentii Vesontionensi bullam dat. Neues Archiv VII. 106. —
720 1903 1117 1976 „Effectum iusta“.
150 1943 329 2071 „11.
459 1974 554 2082 „
669 1952 2635 2029 13491 (8750) Monasterii Lucellensis protectionem suscipit, iuraque ac possessiones,
720 2011 2638 2091 petente Alexandro abbate, confirmat. Trouillat Mon. de Bale I. 374. — „Religiosam
724 2082 1159 2142 vitam eligentibus“.
148 2089 331 2214 „ 11.
461 2082 550 2232 „
673 2122 2640 2190 13492 *Suffraganeis ecclesiae Vesontionensis episcopis interdicit, ne decumas a fratribus
720 2177 2246 2245 Lucellensibus extorqueant. Trouillat Mon. de Bale I. 377. not. 3.
150 2212 333 2303 „ 13.
457 2226 552 2351 „
669 2241 2640 2301 13493 (8751) Monasterii S. Pauli Virdunensis protectionem suscipit, possessionesque
724 2292 2638 2356 confirmat, petente Arnulpho abbate. Hugo O. P. A. II. Pr. p. 332. — „Religiosam
724 2347 1164 2415 vitam eligentibus“.
154 2400 338 2468 „ 13.
463 2407 552 2502 „
673 2391 2642 2468 13494 (8752) Monasterii Septem-fontium (dioec. Lingonensis) protectionem suscipit, et
724 2462 2638 2526 possessiones iuraque confirmat. Hugo O. P. A. II. Pr. p. 491. — „Religiosam vitam
720 2504 1016 2579 eligentibus“.
156 2548 338 2645 „ 22.
455 2577 552 2680 „
671 2566 2638 2632 13495 (8753) Monasterii S. Mariae Magdalenae Rengisvallis protectionem suscipit, et
724 2616 2642 2687 privilegia confirmat, petente Simone abbate. Hugo O. P. A. II. Pr. p. 424. — „Reli-
722 2683 1336 2751 giosam vitam eligentibus“.
154 2705 340 2804 „ 23.
457 2740 556 2813 „
673 2727 2642 2795 13496 (8754) Monasterii S. Apri Tullensis protectionem suscipit, bonaque ac privilegia
722 2786 2638 2864 confirmat. Calmet Hist. de Lorr. II. Pr. p. 383, Migne 200 p. 1252. — „Effectum
724 2839 1199 2908 iusta postulantibus“.
161 2884 340 2970 „ 24.
452 2915 556 2976 „)
676 2890 2640 2956 13497 T(heobaldum), archiepiscopum Iadertinum, apud Fossam-novam morbo afflictum
722 2956 2640 3012 esse dolet. Scribit, mirari se, quod clerus et populus eius, „intellecto verbo de obe-
726 3012 2638 3067 dientia Gradensi patriarchae promittenda, turbati et moti sint ultra modum, cum
722 3062 2638 3120 adquiescant, ut ab ipso consecrationem accipiat et ad eius concilium accedat“. Prae-
722 3115 2638 3175 cipit, ut infra tres menses, postquam Iaderam intraverit, memorato patriarchae, tam-
729 3171 2638 3233 quam primati, obedientiam impendat, clerumque et populum ad id compellat. Mon.
724 3224 1875 3292 Hung. hist. I. XI. 135. — „Ex fraternitatis tuae“.
123 3246 342 3358 Dec. 6.
402 3255 600 3378 Velletri
676 3277 2640 3339 13498 Clero et populo Piranensi duas praebendas restituit, quas (Bernardus) episcopus
731 3330 2640 3398 Iustinopolitanus archidiacono et capellano suo, invitis illis, contulerat. (Pro „S. Ind.
731 3387 2638 3473 Dec.“ pone „S. id. Dec.“). Cod. dipl. Istriano ad a. 1255, ubi perperam epistola
726 3436 1780 3551 Alexandro IV. eribuitur. — „Audrta querela“.
905 132 1836 220 ALEXANDER III. 1159—1181.
2509 132 2635 231 351
