3007 3975
351 145 479 245 352
894 289 2861 393 1179. (Ind. 12. — 25. Sept. — 13. pont. a. 20. — 20. Sept. — 21, 1178. — 25. Mart. — 1179.)
371 364 587 457 Dec. S.
656 371 848 454 Velletri
927 384 2889 452 13499 (8755) Monasterii Regiae-vallis protectionem suscipit, bonaque confirmat, petente
985 430 2883 510 Waltero abbate. (Pro „Vellite“ leg. „Velletri“). Hugo O. P. A. II. Pr. p. 409. —
978 483 1699 558 „Religiosam vitam eligentibus“.
408 541 587 616 „ 14.
722 554 799 620 „
927 532 2887 616 13500 Canonicis Salzburgensibus adiudicatam ab archiepiscopo ecclesiam S. Martini
978 600 2288 671 confirmat. Neues Archiv VII. 106. — „Ea que iudicio“.
406 622 589 728 „ 18.
718 666 804 719 „)
927 653 2885 724 13501 (8756) Monachis S. Germani Parisiensibus concedit, „ut si Senonensis archiepi-
978 715 2885 779 scopus numerum personarum et equitaturarum a sese praefixum in procuratione,
978 764 2887 836 quam ab iis requirat, excedere forte voluerit, liberum sit iis, quod petatur, dene-
980 823 2889 885 gare“. Bouillart Hist. de St. Germain des Prez Pr. p. 47. — „Si quando postu-
976 867 1135 931 latur“.
410 894 587 995 „ 20.
695 898 808 1071 „
927 916 2889 998 13502 Archiepiscopis, episcopis, abbatibus et universis ecclesiarum praelatis mandat,
976 982 2889 1046 curent, ut presbyteri eorum fratres hospitalis Hierosolymitani „in ecclesiis ad opus
980 1037 2889 1110 pauperum praedicare et eleemosynas quaerere“ patiantur. Autogr. in tabul. nat. Paris.
978 1097 1853 1161 Ls. 230. n. 2. — „Querelam gravem“.
925 1135 2889 1221 13503 (8757) B(artholomaeum), archiepiscopum Turonensem, apostolicae sedis legatum,
976 1205 2892 1269 reprehendit, quod nec statuto tempore -ad sese venerit, nec concilio interfuerit.
976 1254 2887 1320 Praecipit, ut „aut usque ad proximam dominicam, qua cantatur: Laetare lerusalem
978 1305 2889 1373 (30. Mart. 1180), vel ad plus quando cantatur: Ego sum pastor bonus“ (4. Maii
978 1362 2889 1424 1180) accedat, cum (Rolando) electo Dolensi acturus. Martene Thes. III. 904, Mo-
976 1415 2889 1492 rice Mém. de Bret. I. 674, Bouquet Rec. XV. 969, Migne 200 p. 1255. — „Sicut
969 1470 1155 1541 felicis“.
927 1517 2889 1601 13504 (8758) (Willelmo), archiepiscopo Remensi, mandat, ut „ad Laudunensem et Tor-
978 1585 2889 1651 nacensem ecclesias accedens, ad opus magistri, qui scholas regat, aliquod restituat
976 1638 2889 1711 beneficium, quod ad illud opus deputatum fuerit antiquitus, aut aliud faciat de novo
972 1691 2889 1757 deputari, ut competentibus stipendiis doctori provisis, pauperes, qui parentum opibus
974 1753 2889 1813 non iuventur, per misericordiam ecclesiae doctrinam sibi laetentur adesse, ut divites,
974 1806 2889 1866 qui ecclesiasticis possint utilitatibus deservire, ab ecclesia pro studio litterarum longe
972 1852 2889 1927 fieri non cogantur“. (Epistolam hanc non ita multo post concilium Lateranense
978 1916 2885 1987 scriptam esse, ex ipsius verbis patet). Comp. II. L. 5. t. 3. c. 1, Mansi XXI. 1100.
978 1974 1632 2038 — „Pervenit ad nos, quod“.
925 2005 2892 2100 13505 (8753) Parthenonis Colonantini posseesiones confirmat. (Fragmentum). Du Plessis
974 2080 1515 2133 Hist. de Meaux II. 65.
927 2124 2889 2199 13506 Ecclesiae S. Laurentii de Roseto protectionem suscipit, bonaque et iura confirmat,
974 2188 2887 2252 petente Odone decano. In bibl. nat. Paris. Coll. Grenier t. 258. f. 26 et t. 267. f. 218.
923 2239 2887 2307 13507 (Simonem) episcopum et canonicos Meldenses tertio hortatur, ut H(ervei) cano-
974 2298 2887 2360 nici dimidiam praebendam integrent nullumque, donec factum sit, in canonicorum
978 2358 2885 2415 numerum recipiant. (Aut exeunte a. 1179 aut ineunte 1180 epistola data est).
976 2400 2151 2482 Loewenfeld Epistolae p. 184. — „Rediens ad nos“.
925 2455 2887 2524 13508 *Qui in monasterio Cheminonensi sese receperint, eis dona et legata in favorem
974 2517 2819 2583 monasterii accipere permittit. Barthélemy Rec. des chartes de Cheminon p. 56.
897 2603 1124 2705 c. 1179.
923 2683 2889 2767 13509 (8760) Francorum regem hortatur, ut Dolensis et Turonensis ecclesiarum contro-
976 2764 2887 2824 versiam componat; „si autem“ inquit „compositio fieri nequiverit, patienter et benigne
976 2813 2881 2875 sustineas, ut Dolensis ecclesia contra Turonensem ordine iudiciario valeat experiri“.
976 2870 2885 2932 Martene Thes. III. 906, Morice Mém. de Bret. I. 673, Bouquet Rec. XV. 969, Migne
976 2917 1886 2994 200 p. 1256. — „Regiae magnitudini“.
927 2972 2887 3045 13510 (8761) B(ernardo) electo Parmensi mandat, iudicet inter I. Regin. archidiaconum
974 3036 2883 3113 et nobilem virum G. de Baisio. Comp. I. L. 2. t. 18. c. 10, Decr. Greg. L. II.
969 3085 1842 3162 t. 26. c. 7. — „Causam, quae inter“.
888 3177 1232 3279 1159— 1180.
364 3239 581 3350 Oct. 22.
927 3246 2885 3354 13511-Monasterii Longipontis possessiones, „ab aliis eeclesiis snb. annno censu dcten-
974 3339 2494 3407 tas““, confirmat. Compendiosum abbatiae Longi-pont. chron. p. 54.
366 3347 508 3491 Nor.
925 3383 2881 3480 13513 Canonicis Pisanis. („Dat. . . kal. Dec.“). Sic ap. Pflugk-Harttung lter p. 289.
978 3447 1847 3551 — „QQuam celebre“ G„Suam celebris).
1155 139 2081 242 ALEXANDER III. 1159—1181.
