3007 3975
660 282 1009 373 1170—1180.
695 344 2666 426 13513 (Desiderio) episcopo Morinensi mandat, ut controversiam inter monasterium Cam-
141 351 271 448 Aug.
740 419 2664 485 beronense et praepositum S. Audomari super decimis quibusdam determinet. (Cf.
742 472 2666 558 infra ep. 13523.) Fragm. in Lewaitte Histor. Camberon. II. 98, teste Wauters Table
742 534 1100 600 chron. II. 608.
391 547 631 669 Faaenlani
689 571 2664 649 13514 B. decano et canonicis ecclesiae S. Mariae Magdalenae Virdunensis indulget, ut
134 574 353 669 Oct. 19.
740 638 2664 711 corpora eorum, qui „in extrema voluntate apud eos sepeliri deliberaverint, nisi sint
740 697 2660 770 excommunicati vel interdicti“, recipiant. In bibl. nat. Paris. Coll. Moreau 69. f. 220.
742 746 1489 817 — „Iustis petentium desideriis“.
689 792 2662 867 13515 Controversiam inter parthenonem S. Mariae Theodotae Papiensem et b. m. R. archi-
167 797 346 887 „ 20.
479 803 567 894 „
742 863 2662 927 presbyterum de burgo S. Domnini super ecclesia S. Mariae ipsius burgi ab Eugenio III.
742 923 2478 987 sopitam confirmat. Pflugk-Harttung Acta III. 274. — „Relatum est nobis“.
691 971 2662 1035 13516 Archiepiscopo Nazareno, et episcopis Bethleemensi, Acconensi, Liddensi scribit
167 978 351 1053 „ 20.
479 987 570 1126 „
742 1029 2660 1084 de monasterio Palmareiae monachis Cluniacensibus committendo. Ex cop. saec. XII.
740 1084 2657 1154 ms. lat. 12665, (Monasticon bened. VIII.) f. 81 in bibl. nat. Paris. Misit Delisle. —
740 1128 1111 1201 „Quam nobilis“.
691 1174 2655 1254 13517 (8762) Monasterio S. Georgii Veneto ecclesiam SS. Martyrum asserit. Ughelli It.
167 1154 344 1276 „ 28.
740 1247 2653 1302 sacr. V. 1205, Mainati Chroniche di Trieste I. 132. — „Iustis petentium desideriis“.
689 1298 2655 1366 13518 Archiepiscopo Coloniensi eiusque suffraganeis mandat, ut monasterium Villariense
165 1280 346 1378 „ 29.
477 1298 563 1389 „
737 1355 2653 1431 a malefactorbus defendant, damnaque ei illata resarciri faciant. Wauters Lanc.
735 1413 1798 1481 abb. de Villers p. 23. — „Dilecti filii nostri“.
687 1461 2657 1534 13519 Alberto, tituli S. Laurentii in Lucina, et Teoderico (leg. Theodino) tituli S. Vi-
130 1419 349 1552 Nor. 2.
472 1470 563 1561 „
735 1517 2655 1581 talis, presbyteris cardinalibus, apostolicae sedis legatis, mandat, iudicent inter cano-
740 1583 2653 1634 nicos S. Hilarii Pictavienses et monachos Burgulienses de curte Vosalia litigantes.
740 1627 2655 1711 Mém. de la soc. des antiqu. de I'ouest, Année 1847 p. 188. — „Dilectorum filiorum
740 1682 1011 1744 nostrorum“.
691 1731 2655 1808 13520 Canonicis S. Hilarii Pictaviensibus interdicit, ne quis eorum „occasione alicuius
163 1729 346 1821 „ 2.
466 1733 565 1826 „
735 1797 2653 1857 controversiae, quam adversus alium habeat, praescriptae ecclesiae debitum obsequium
733 1855 2653 1914 subtrahat aut quomodolibet impedire praesumat“. Mém. de la soc. des antiqu. de
733 1912 1992 1969 l'ouest, Année 1847 p. 187. — „Prave consuetudines“.
687 1952 2651 2025 13521 Abbati Cluniacensi de corrigendis monachis scribit. Ex chartul. Cluniac., cod.
165 1949 346 2049 „ 3.
475 1978 556 2051 „
733 2016 2653 2082 67 in bibl. nat. Paris. Misit Delisle. (Epist. Innocentii III. ed. Baluzius II. 851,
731 2069 1931 2139 ap. Migne 215 p. 1339). — „Relatum est auribus“.
687 2122 2653 2188 13522 Compositionem inter fratres Camberonenses et praepositum S. Audomari super
163 2102 346 2206 „ 7.
477 2082 558 2214 „
733 2179 2653 2245 decimis quibusdam factam a (Desiderio) episcopo Morinensi confirmat. De Smet Cart.
733 2239 2001 2301 de l'abb. de Cambron I. 11. — „Relatum est auribus“.
687 2292 2653 2354 13523 Monasterio Boheriensi adiudicatam ab episcopo Silvanectensi et cantore Remensi
165 2248 349 2365 „ 8.
475 2303 558 2378 „
733 2347 2649 2424 possessionem quandam confirmat. Autogr. in bibl. nat. Paris. ms. lat. 17141. —
735 2404 1389 2468 „Iustis petentium desideriis“.
689 2455 2651 2524 13524 (8763) Priori Dominici Sepulcri Hierosolymitani et eius successoribus concedit,
163 2424 351 2530 „ 12.
466 2464 565 2546 „
740 2515 2653 2570 ut „post archiepiscopos et episcopos inter abbates et priores Hierosolymitani patri-
733 2570 2651 2623 archatus primum locum in conventibus et officiis ecclesiae teneant“. Roziere Car-
733 2616 2620 2689 tulaire du saint sépulcre p. 270, Migne 200 p. 1257. — „Singulorum dignitates“.
684 2665 2649 2738 13525 (8764) Abbatibus Templi Domini, de Monte Sion, de Valle losaphat et priori
167 2652 349 2751 „ 13.
466 2678 561 2753 „
737 2731 2651 2791 Montis Oliveti praecipit, ut „in praecipuis solempnitatibus ecclesiarum, si forte Hiero-
737 2791 2651 2844 solymitanus patriarcha absens sit vel infirmus, aut si ecclesia Hierosolymitana vaca-
735 2839 2649 2906 verit, priorem eiusdem ecclesiae cum fratribus ad sollempnem processionem recipiant,
733 2897 2649 2956 et in ecclesiis sollempnem missam vice patriarchae eos (cantare) permittant“. Ro-
731 2950 2651 3029 „iére Cartulaire du saint sépulcre p. 269, Migne 200 p. 1257. — „Quantum universis
733 2998 1058 3069 ecclesiasticis“.
689 3049 2649 3124 13526 Canonicis S. Gengulfi Tullensis asserit decimas quartariorum de praedio S. Aniani,
163 3027 346 3144 „ 15.
461 3058 561 3144 „
733 3111 2649 3184 a R(iquino) quondam episcopo concessas. In tabul. nat. Paris. Cartul. de St. Gengoul
733 3160 2032 3237 s. XIV. LL. 986. f. 26. — „Iustis petentium desideriis“.
682 3217 2646 3288 13527 Decano et cantori ecclesiae Remensis litteras dat. Neues Archiv VII. 100. —
165 3184 349 3301 „ 17.
468 3226 556 3319 „
740 3281 1316 3341 „Querelam canonicorum“.
687 3321 2646 3392 13528 Abbati Geroldoniae et priori de Kynelword mandat, ne moniales Langeleienses
163 3305 351 3407 „ 19.
466 3341 558 3403 „
735 3392 2642 3469 sinant a canonicis Bredonensibus vexari de decumis quibusdam. Monast. Anglic. nov.
735 3440 1833 3551 edit. IV. 224. — „Ex transmisss conqnestione“.
159 3458 722 3586 Ruaarent voner. et a n.
2251 3498 2317 3584 45
934 130 1858 236 ALEXANDER III. 1159— 1181.
2540 132 2671 236 353
