3007 3975
353 187 477 253 354
892 324 1239 406 1170— 1180.
634 364 868 512 Puenlani
923 368 2900 474 13529 (Desiderio) episcopo Morinensi mandat, ne a canonicis de Claromaresco decimas
368 359 587 496 Nov. 20.
976 454 2847 516 exigi patiatur. Mém. de la soc. de la Morinie XI. 345. — „Non ignorat, sicut.“
930 507 2896 576 13530 Monachis Fusniacensibus possessiones quasdam asserit. In bibl. nat. Paris. Coll.
408 490 587 583 „ 25.
718 521 799 596 „
978 560 2182 622 Moreau 70. f. 231. — „Iustis petentium desideriis“.
925 607 2898 680 13531 Canonicis S. Germani Autissiodorensis indulget, ut confirmationis litterae, a cu-
406 596 589 711 „ 25.
711 591 806 719 „
978 680 2896 742 nonicis S. Oportunae ante controversiam terminatam a sese impetratae, nullum vigorem
978 733 2894 799 habeant. In tabul. nat. Paris. Cartul. de St. Germain l'Auxerrois s. XIII. LL. 489.
978 781 1838 852 f. 31. — „Sicut meminisse videmur“.
930 825 2896 905 13532 Clero populoque Verulano interdicit, ne quis nisi ab ecclesia Romana defensionem
408 808 592 936 „ 27.
718 770 802 949 „
978 892 2898 956 requirat nec possessiones aliis personis quam concivibus vendat, donet vel obliget.
978 956 2900 1015 Butonem quondam eorum concivem adiuvari vetat, „qui“ inquit „egressus de terra
980 1002 2896 1064 ad civitatem Antene se transtulit, ut facilius nos et terram nostram possit nocere“.
983 1066 2900 1132 Qui fecerint, eos „banno decem librarum“ punitum iri scribit. Pflugk-Harttung Acta
980 1119 1754 1179 III. 274. — „Cum terra vestra“.
373 1141 594 1274 Dor. 2.
930 1157 2903 1234 13533 Petrum iudicem Caralitanum hortatur, curet ut possessiones et servi, quos fideles
707 1177 804 1274 „
978 1221 2900 1287 eius ecclesiae S. Laurentii lanuensi abstulerint, restituantur. Hist. Patr. Mon., Cod.
980 1285 2132 1338 dipl. Sard. I. 225. — „Periculosum est universis“.
932 1327 2900 1400 13534 Capitulo Corbeiensi (dioec. Ambian.) concedit, ne abbas „contra aliquem fratrem
399 1311 589 1442 „ 4.
713 1316 804 1435 „
980 1391 2903 1453 armis insurgere vel eum a loco suo violenter expellere praesumat, quamdiu idem
978 1448 2900 1508 frater paratus sit in praesentia capituli coram praelato suo cum humilitate regularem
985 1503 2898 1567 subire disciplinam“. Ms. lat. 17768 fol. 105 in bibl. nat. Paris. Misit Delisle; Coll.
978 1556 2434 1620 Grenier 53. f. 95 in eadem bibliotheca. — „Quotiens a nobis“.
932 1598 2898 1673 13535 Petentibus fratribus S. Augustini Cantuariensis ecclesiam de Tanet et ecclesiam
397 1585 592 1711 „ 8.
715 1618 802 1718 „
980 1667 2887 1726 de Middleton usibus sacristiae monasterii asserit. Monast. Angl. nov. ed. I. 138. —
987 1726 1522 1779 „Ea, quae in ecclesiis“.
936 1766 2900 1837 13536 Capituli Ambianensis constitutionem super praebendarum distributione, assentiente
406 1737 592 1859 „ 19.
711 1733 802 1874 „
980 1828 2898 1892 (Theobaldo) episcopo, factam comprobat. Pflugk-Harttung Acta I. 248. — „Ex lit-
980 1877 1301 1952 teris vestris“.
932 1923 2900 2002 13537 Inter R(ainerium), abbatem S. Benedicti super Padum, et Mazonem, archipres-
410 1916 596 2033 „ 25.
720 1930 802 2038 „
980 1996 2898 2055 byterum S. Laurentii de Pigognaio, compositionem ab I. archidiacono Regino et A.
983 2042 2900 2122 causidico Mantuano factam confirmat. Pflugk-Harttung Acta III. 275. — „Ea que
983 2113 1334 2168 concordia vel“.
932 2137 2898 2221 13538 Monasterium Maricolense tuendum suscipit, bulla ad R(adulfum) atbatem. Ghes-
408 2124 594 2256 „ 24.
713 2108 806 2267 „
987 2221 2900 2272 quieri Acta SS. Belgii IV. 143: „nono kal. Ian.“; sed in bibl. nat. Paris. Coll.
985 2263 2741 2334 Moreau 69. fol. 221: „IIII. kal. Ian.“. — „Pastorali sollicitudine inducimur“.
934 2314 2900 2382 13539 Decano et capitulo S. Laurentii de Roseto interdicit, ne praebendas vacaturas
406 2290 592 2435 „ 59
715 2279 808 2435 „
983 2373 2898 2444 foraneis conferant, „donec duodecim vel decem ad minus instituantur, qui obsequiis
980 2426 2898 2497 ecclesiae assidue debeant interesse“. In bibl. nat Paris. Coll. Grenier 267. f. 218.
983 2482 1533 2555 — „Ex litteris vestris“.
408 2521 594 2634 „ 31.
932 2528 2898 2614 13540 Abbatissae monasterii S. Senatoris hospitale de Staphul. et pontem asserit. Wiener
720 2513 804 2641 „
980 2599 2098 2678 Sitzungsber. XCVII. 64. — „Officii nostri cura“.
899 2678 1235 2809 171— 1180.
377 2786 598 2926 lun. 1s.
934 2791 2900 2879 13541 (8648) Piligrimo abbati et monasterio S. Pauli in Carinthia ecclesiam S. Mar-
713 2784 808 2912 „
987 2864 2896 2932 tini asserit. (Haec epistola sine rationabili causa a. 1171—1172 attribui solet. In
985 2921 2898 2990 priore Regestorum editione Jafféus eam epistolis „Laterani“ datis per errorem ad-
983 2983 2896 3043 iunxit). Archiv f. Gesch. Kärntens II. 131. n. 400, Fontes Rer. Austriac. II. XXXIx.
983 3027 2386 3102 89, Neues Archiv VII. 100. — „Iustis petentium desideriis“.
936 3080 2894 3153 13542 Monasterii Belli-oci protectionem suscipit ac privilegia quaedam confirmat. Au-
410 3051 594 3168 „ 20.
722 3036 802 3202 „
985 3140 2503 3213 tograph. in bibl. nat. Paris. ms. lat. 9217. — „Quotiens a nobis“.
934 3188 2896 3263 13543 Fratribus hospitalis Hierosolymitani donatas ab episcopo Cameracensi ecclesias
408 3184 594 3305 „ 21.
722 3193 810 3321 „
983 3257 2892 3319 S. Symphoriani, de Spiennes et de Vellereille confirmat. Devillers Descr. analyt.
980 3305 1648 3367 des cart. du Hainaut II. 46.
934 3347 2892 3429 13544 Monasterio Ursicampi asserit vineam, in territorio Suessionensi sitam, ab Odone,
406 3321 594 3502 „ 24
702 3321 810 3480 „
987 3420 2894 3482 quondam episcopo Tusculanensi, donatam. (Perperam Alex. IV. tribuitur). Peigné-
985 3473 2569 3579 Oclacourt Cart. dQOurscamp p. 307. — „Officio nostrae sollieitudinis“.
1164 159 2087 253 ALEXANDER III. 1159—1181.
