3007 3975
634 284 972 377 1171—1180.
667 342 2642 430 13545 Monasterio S. Mariae Aquacurtensi ecclesias de Carnoie et de Ligniaco asserit.
371 337 605 448 Taseulapi
112 342 335 452 lun. 27.
718 424 2489 490 In bibl. nat. Paris. Coll. Moreau 70. f. 258. — „Iustis petentium desideriis“.
669 477 2642 541 13546 (8767. 9260) K(anutum), illustrem Sweorum et Gothorum regem, episcopos et
110 472 331 556 Iul. 6.
446 488 545 563 „
720 527 2642 602 nobilem virum ducem, universumque clerum et populum per Gothiam constitutos ad
720 587 2642 651 servandas leges maritas, colendos sacerdotes dandasque decumas hortatur. Monet,
720 638 2642 715 ne „exheredatis legitimis filiis bona omnia ecclesiis derelinquant“, neve „homines,
722 697 2642 759 in potatione et ebrietate occisos, quasi sanctos more infidelium venerentur“. Remittit
722 755 2644 812 iis „quadragesimam, quae est ante festum S. Michaelis, excepta sexta feria“. Gratias
720 803 2642 870 agit, quod se „in multis necessitatibus suis per Richardum presbyterum visitaverint“.
718 856 2644 923 Ornhälm Hist. Sueon. p. 496, Liliegren Dipl. Suec. I. 61, Rydberg Sverg. Trakt.
724 920 2644 989 I. 94, Migne 200 p. 1259, (Comp. II. L. 5. t. 21. c. 1, Decr. Greg. L. III. t. 45. c. 1).
724 976 2123 1033 — „Aeterna et incommutabilis“ („Audivimus, quod quidam“).
669 1015 2644 1104 13547 Fratribus militiae templi in Francia (?) indulget, „ut legatis et nuntiis aposto-
150 1007 329 1113 „ 18.
444 1029 550 1183 „
718 1084 2642 1148 licae sedis, S. R. E. cardinalibus exceptis, ad solvendas ipsis procurationes pecunia-
720 1137 2642 1199 rias compelli inviti aliquatenus non possint, dummodo parati sint procurationes in
722 1192 2644 1254 victualibus et aliis necessariis exhibere“. Prutz Malteser Urk. p. 41; (bullam ibidem
720 1249 2644 1316 p. 38. n. 5 signatam falso Alexandro III. ascriptam esse, clausula docet). — („Dignum
722 1305 1164 1371 esse conspicimus“).
671 1349 2642 1419 13548 Archiepiscopis, episcopis, abbatibus et aliis ecclesiarum praelatis mandat, ut
143 1322 324 1437 „ 19.
452 1353 550 1444 „
720 1406 2642 1484 parrochianos, qui in aliquem fratrum hospitalis Hierosolymitami „ipsum capiendo vel
722 1464 2642 1525 suis equitaturis deiiciendo aut alias inhoneste tractando violentas manus iniiciant“,
720 1528 2585 1581 excommunicent. Autogr. in tab. nat. Paris. L. 250. n. 104. — „Paci et quieti“.
669 1578 2644 1640 13549 (8768) Universum capitulum monasterii S. Savini obtemperare abbati iubet. Mar-
150 1517 329 1649 „ 28.
455 1508 547 1658 „
720 1631 2034 1704 tene Thes. I. 457, Migne 200 p. 1262. — „Quanta sit“.
671 1687 2644 1749 13550 Canonicis S. Mariae Blesensis indulget, ne de novalibus, quae propriis manibus
150 1654 326 1762 „ 30.
455 1693 552 1757 „
722 1744 2644 1804 vel sumptibus excolant, decimas solvant. Alia privilegia addit. Cartul. de Burgo-
720 1795 2640 1863 medio Blesensi, Coll. Housseau 12. I. f. 72 in bibl. nat. Paris.: „III. kal. Aug.“
720 1859 2054 1921 (An sit eadem bulla ac 13552?) — „Quanto laudabilius“.
119 1848 331 1983 Aur. 3.
669 1899 2640 1967 13551 H(ugoni) abbati S. Germani de Pratis Parisiensis eiusque successoribus usum
457 1914 547 1983 „
722 1967 2640 2027 mitrae anulique concedit. Autogr. in tabul. nat. Paris. L. 231. n. 41. — „Eos spetiali“.
671 2018 2640 2080 13552 Ecclesiae S. Mariae Blesensi „indulgentiam de novalibus et de evectione abbatiae“
152 2018 326 2100 „ 11.
455 2016 552 2108 „
720 2071 2638 2133 concedit. (Fragmentum.) Auvray Notice sur le ms. Ottobonien 2966 p. 16 in Mé-
720 2122 2635 2186 langes d'arch. et d'hist. VI: „III. id. Aug.“; cf. supra 13550. — „Quanto laudabilius“.
669 2181 2638 2252 13553 Ecclesiae S. Mariae Blesensis parochianos apud ecclesias S. Salvatoris et S. Tho-
150 2177 329 2263 „ 11.
450 2188 552 2281 „
724 2234 2640 2298 mae sepeliri vetat, nisi „hoc in ultima voluntate elegerint“. (Male descripta.) Chartul.
720 2294 2640 2351 de Burgo-medio Blesensi, Coll. Housseau 12. I. f. 72 in bibl. nat. Paris. (Fragm. ap.
724 2351 2640 2422 Auvray Notice sur le ms. Ottobonien 2966 p. 16 in Mélanges d'arch. et d'hist. VI.
720 2400 1270 2473 — „Cum statutum sit“.
671 2444 2638 2519 13554 Canonicis S. Mariae Blesensibus concedit, ne cui liceat, praebendas, „quas laici
148 2413 329 2528 „ 11.
446 2468 556 2585 „
722 2506 2638 2572 in ecclesiis S. Solennis et S. Karilephi detineant, sine eorum assensu acquirere vel
720 2570 2638 2641 tenere“. De ecclesiae censivis et possessionibus statuit. Chartul. de Burgo-medio
724 2623 2640 2694 Blesensi I. I. f. 72“, (Auvray Notice sur le ms. Ottobonien 2966 p. 17 in Mélanges
715 2678 1858 2749 d'arch. et d'hist. VI.). — „Si quando postulatur“.
669 2729 2638 2791 13555 Fratribus S. Mariae Blesensibus indulget, „ne quis in abbatem eligatur nisi de
148 2683 329 2806 „ 12.
446 2744 550 2795 „
720 2784 2638 2857 communi assensu maioris vel sanioris partis“. (Fragm.) Auvray Notice sur le ms.
718 2844 2635 2915 Ottobonien 2966 p. 17 in Mélanges d'arch. et d'hist. VI. — „Apostolicae sedis be-
720 2897 972 2963 nignitate“.
669 2937 2638 3009 13556 Canonicis S. Mariae Blesensibus ita scribit: „Pro eo quod clerici domos parochia-
154 2937 331 3025 „ 12.
441 2965 554 3018 „)
722 3009 2635 3067 rum vestrarum inhabitant, laici, nisi sint de ipsorum familiis, tam praesentes quam
720 3060 2633 3120 futuri, excusari non possunt, quominus de iure parochiali vobis respondere teneantur“.
722 3118 2635 3182 (Charta mendis scatet). Chartul. de Burgo-medio Bles., Coll. Housseau 12. I. f. 73
722 3173 2638 3233 in bibl. nat. Paris. (Auvray Notice sur le ms. Ottobonien 2966 p. 18 in Mélanges
720 3230 2123 3297 d'arch. et d'hist. VI.). — „Vobis suggerentibus intelleximus“.
671 3274 2638 3343 13557 (8769) Canonicorum S. Reguli legem confirmat, „ut canonici, qui per sex menses
150 3228 335 3367 „1.
430 3210 552 3398 „
722 3336 2635 3392 in anno ecclesiae non servierint, non obtenta licentia, viginti tantum solidos de
722 3387 2635 3456 praebendis suis recipiant.“ Vie de S. Rieule p. 398, teste Bréquigny Table chron. III.
722 3449 2633 3548 65d. Epistola haee, licetdata legaturs„SVIIL. hal. Sept“. eadem esse videtur ac ep. 1356S.
2264 3498 2359 3592 45*
916 130 1838 234 ALEXANDER III. 1159—1181.
2518 136 2644 231 355
