3007 3975
324 159 452 249 356
870 309 1201 404 1171—1180.
603 373 846 510 rusenlani
344 375 581 479 Aug. 17.
903 368 2870 457 13558 Fratres Corbeienses (dioc. Ambian.) a solvendis decumis vel primitiis liberat.
952 450 2865 510 In bibl. nat. Paris. Cartul. de Corbie ms. lat. 17758. s. XIII. f. 2319, ms. lat. 17759.
952 494 2202 571 s. XIII. — XIV. f. 32. — „Iustis petentium desideriis“.
908 547 2867 622 13559 Fratribus Corbeiensibus (dioc. Ambian.) indulget, „ut nulli archiepiscopo vel
377 541 563 622 „ 17.
691 552 777 669 „
954 616 2870 673 episcopo liceat, in eos vel eorum conversos, tam in capite quam in membris consti-
954 671 2870 735 tutos, excommunicationis vel suspensionis sententiam promulgare“. In bibl. nat.
954 722 2867 786 Paris. Cartul. de Corbie ms. lat. 17758. s. XIII. f. 2379, ms. lat. 17759. s. XIII.
954 768 2050 845 — XIV. f. 339. — „Cum constet monasterium“.
908 819 2872 896 13560 Statuit, ne cui liceat „possessiones, quas a monasterio Corbeiensi (dioc. Ambian.)
377 808 565 909 „ 17.
691 819 777 949 „
954 887 2870 947 teneat, in vita vel in morte alienando concedere vel donare, sine licentia abbatis et
954 934 2870 1002 capituli“. In bibl. nat. Paris. Cart. de Corbie ms. lat. 17759. s. XIII. —XIV. f. 319.
954 995 1646 1066 — „Eos speciali prerogativa“.
910 1042 2874 1113 13561 Fratribus Corbeiensibus (dioc. Ambian.) liberam abbatis eligendi facultatem con-
382 1013 565 1121 „ 17.
687 1015 779 1161 „
956 1106 2872 1170 cedit. In bibl. nat. Paris. Cartul. de Corbie ms. lat. 17758. s. XIII. f. 229“, ms.
954 1159 2200 1227 lat. 17759. s. XIII. —XIV. f. 37. — „Quanto vos et“.
905 1207 2874 1276 13562 Tornacensi et (Desiderio) Morinensi episcopis mandat, ut fratribus Corbeiensibus
384 1201 567 1274 „ 20.
684 1196 779 1331 „
958 1276 2874 1336 (dioc. Ambian.) ablatam decimam a filiis Herenberti de Dodizella restitui iubeant.
958 1322 2193 1395 Pflugk-Harttung Acta I. 252. — „Querelam fratrum“.
910 1373 2874 1442 13563 Hy(baldo) decano et capitulo Bituricensi ecclesiam S. Iterii asserit. In bibl. nat.
384 1358 563 1448 „ 20.
684 1325 786 1450 „
958 1433 2874 1497 Paris. Cartul. de Bourges ms. lat. nouv. acqu. 1274. s. XIII. f. 14. — „Iustis pe-
956 1495 1405 1561 tentium desideriis“.
910 1534 2874 1605 13564 P(etri) quondam archiepiscopi Bituricensis statutum, ut praepositura Mimbria-
384 1525 567 1620 „ 20.
691 1530 775 1669 „
958 1598 2874 1658 censis nulli personaliter assignetur, sed redditus eius usui universi capituli manci-
958 1649 2874 1726 pentur, confirmat. In bibl. nat. Paris. Cart. de Bourges ms. lat. nouv. acqu. 1274.
956 1704 1955 1777 s. XIII. f. 16. — „Ea quae rationabiliter“.
908 1762 2874 1828 13565 Monasterii S. Lupi Trecensis possessiones confirmat. Lalore Collection des cart.
386 1753 567 1837 „ 21.
691 1700 788 1848 „
961 1819 1992 1877 de Troyes I. 72. — „Iustis postulationibus“.
380 1863 565 1941 „ 22.
910 1863 2874 1936 13566 Fratribus Corbeiensibus (dioc. Ambian.) indulget, ut „nulli parochianorum, qui
687 1888 793 1989 „
958 1930 2872 2002 spiritualiter et temporaliter ad eos pertineant, pro qualibet causa liceat ad alium
958 1987 2874 2049 praeterquam Romanum pontificem vel legatum eius appellare“. In bibl. nat. Paris.
956 2040 2872 2102 Cartul. de Corbie ms. lat. 17758. s. XIII. f. 230“, ms. lat. 17759. s. XIII. — XIV.
958 2091 2218 2157 f. 34, Coll. Grenier t. 53. f. 93. — „Illis ecclesiis et“.
908 2137 2874 2212 13567 Odone decano et capitulo Senonensi petente, ecclesiarum quarundam ad eos per-
384 2133 567 2217 „ 23.
682 2128 786 2263 „
958 2195 2872 2276 tinentium iura confirmat. Quantin Cart. gén. de 1'Vonne II. 153. — „Iustis peten-
961 2254 1341 2314 tium desideriis“.
910 2301 2874 2380 13568 (8770) Legem a canonicis ecclesiae b. Reguli Silvanectensis conditam probat,
384 2294 570 2404 „ 28.
684 2301 786 2422 „
961 2369 2870 2429 ut qui canonici sine licentia capituli, aut papae, aut regis Francorum, amplius sex
958 2426 2872 2482 menses singulis annis ab ecclesia absint, iis viginti tantum solidi praestentur. Gall.
956 2477 2847 2537 Chr. X. Instr. p. 437: „X. kal. Sept.“ Cf. supra ep. 13557. — „Pastoralis cura“.
912 2528 2870 2599 13569 Ecclesiae S. Martini de Las translationem in villam de Croptis a b. m. P(etro),
388 2510 567 2605 „ 27.
693 2526 788 2647 „
961 2579 2870 2656 archiepiscopo Bituricensi, factam confirmat. Loewenfeld Epistolae p. 184. — „Ea
958 2645 1425 2709 quae in profectum“.
908 2683 2872 2760 13571 Priori et fratribus S. Neoti ecclesias quasdam asserit. Monast. Anglic. nov. ed.
391 2680 563 2773 „ 29.
695 2696 790 2804 „
958 2744 1922 2820 III. 474. — „Iustis petentium desideriis“.
912 2800 2872 2873 13572 (8771) Decano et capitulo Lincolniensi mandat, ut poenas expetant a canonicis,
349 2786 497 2928 Sept.
691 2804 788 2932 „
961 2864 2870 2923 qui acceptis praebendis, maiorem anni partem ecclesiae administratione abstineant.
961 2908 2870 2985 („Dat. 15. idib. Sept.“ mendum aperte continet). Wilkins Conc. I. 539. — „De
961 2972 1257 3032 negligentia“.
908 3014 2872 3085 13573 Willelmo priore petente, fratribus Ursicampi asserit pratum, a B(alduino), quon-
384 3009 567 3093 „ 12.
695 3016 790 3138 „
958 3078 2870 3140 dam episcopo Noviomensi exstirpatum et ab eo, „qui nunc est episcopus“, monasterio
961 3129 2867 3197 restitutum. (Perperam Alex. IV. tributa). Peigné-Delacourt Cart. d'Ourscamp p. 302.
961 3188 1886 3257 n. 482. — „Iustis petentium desideriis“.
388 3226 572 3314 „ 13.
910 3239 2870 3303 13574 (8772) Decano et capitulo Lincolniensi asserit „libertatem, quam Robertus, quon-
695 3255 790 3314 „
961 3292 2867 3363 dam episcopus, iis in praebendis et ecclesiis ad communiam eorum pertinentibus con-
963 3358 2209 3420 cesserit“. Wilkins Conc. I. 539. — „Quoties a viris“.
910 3396 2865 3478 13575 Fratribus Corbeiensibus (dioc. Ambian.) indulget, ut si archiepiscopi vel episcopi,
380 3385 572 3546 „ 16.
689 3394 786 3588 „
961 3464 2865 3568 in quorum diocesibus monachi vel elerici corum consistant, chrisma, eleum sanctam,
1135 156 2059 249 ALEXANDER III. 1159—1181.
