3007 3975
662 280 1000 379 1171— 1180.
746 337 2671 437 ceteraque „gratis et absque praritater noluerint impertiri, alium antistitem adire eis
753 421 2671 483 liceat. In bibl. nat. Paris. Cart. de Corbie ms. lat. 17759. s. XIII. —XIV. f. 32*,
748 479 1833 532 Coll. Grenier t. 53. f. 94. — „Invitat nos et“.
141 521 368 664 Sept. 17.
402 446 642 658 „„
695 534 2675 594 13576 Compositionem inter abbates S. Petri et S. Bavonis Gandavenses de sepulturis
748 587 2673 653 factam approbat. Serrure Cartul. de S. Bavon à Gand p. 52, teste Wauters Table
751 651 1148 702 chronol. II. 598.
183 684 364 766 „ 19.
488 684 576 783 „
702 684 2673 764 13577 R(otrodo) archiepiscopo Rotomagensi eiusque suffraganeis mandat, curent ne in
753 757 2668 821 ecclesiis Normanniae plus quam novem praefationes, quas dicat Romana ecclesia,
748 806 2443 865 dicantur. Pflugk-Harttung Acta II. 377. — „Ideo sacrosancta Romanae“.
183 848 362 925 „ 20.
497 883 567 982 „
704 854 2675 927 13578 Monasterii S. Lamberti Laetiensis possessiones quasdam confirmat. In bibl. nat.
753 914 2224 984 Paris. Coll. Moreau 69. f. 218. — „Iustis petentium desideriis“.
181 958 364 1040 „ 22.
481 965 583 1095 „
704 967 2673 1037 13579 (8773) Archiepiscopo Ausciensi, apostolicae sedis legato, et abbati Massiliensi
751 1031 2673 1088 mandat, ut in S. Savini monachos, qui excommunicati sacra procurare ausi sint, poe-
753 1079 2673 1143 nitentiam constituat, noxioresque in monasterium Massiliense relegent. Martene Thes.
753 1141 1904 1196 I. 458, Migne 200 p. 1262. — „Ad audientiam“.
181 1179 366 1267 „ 24.
486 1179 578 1258 „
704 1188 2673 1256 13580 Archiepiscopo Tarraconensi facultatem tribuit excommunicandi milites quosdam
753 1252 2675 1318 parochianos, ecclesiarum decimas violenter detinentes. Villanueva Viage literar. XIX.
753 1296 1438 1371 292. — „Significatum nobis“.
178 1329 364 1428 „ 24.
490 1342 576 1472 „
709 1347 2671 1424 13581 A(rialdo) archipresbytero et clericis plebis Castri Arquati petentibus indulget,
755 1415 2675 1481 ne liceat episcopo Placentino, indebitas exactiones eis imponere. Pflugk-Harttung
755 1472 1869 1528 Acta III. 275. — „Apostolice sedis auctoritate“.
143 1508 368 1592 Oct. 7.
488 1503 578 1592 „
704 1512 2677 1583 13582 Monasterii S. Victoris Parisiensis decimas aliosque redditus confirmat. Privilegia
753 1576 2673 1640 de priorum et abbatum electione addit. Autogr. in tabul. nat. Paris. L. 230. n. 8.
764 1636 1444 1689 — „Ad universalis ecclesiae“.
183 1669 368 1773 „ 11.
472 1678 581 1802 „
704 1684 2677 1753 13583 (8774) Rotrodo, archiepiscopo Rotomagensi, scribit, ut „eos, qui ab episcopis
753 1742 2673 1808 suffraganeis sint excommunicatione innodati, et ad audientiam eius appellent, recepto
753 1799 2673 1857 ab iis iuramento, debeat absolvere“ ac deinde „causam audire, quia excommunicati
757 1857 2673 1912 ante absolutionem non sint audiendi“. Bessin Conc. Rotom. I. 82. 83, Gilberti Fo-
755 1905 2673 1965 liot epist. ed. Giles II. 78, Mansi XXI. 1067. 1085, App. conc. Lat. XXXI. 4, Coll.
757 1958 2673 2029 Lips. XXXII. 2, Coll. Cass. XLI. 2, Coll. Bamb. XXXII. 2, Comp. I. L. 1. t. 23. c. 2,
755 2016 2629 2078 Migne 200 p. 1263. — „Quoniam quaesitum“ „Quia quaesitum“ „Quaesitum est“.
183 2055 364 2144 „ 12.
483 2086 581 2188 „
704 2075 2673 2135 13584 Fratribus S. Cipriani praecipit, ut monachis Pomposianis terram „Costa“ reddant
755 2131 2673 2199 aut coram Caprulano episcopo satisfaciant. Gloria Cod. dipl. Padov. II. 237. — „Ac-
753 2184 1312 2250 cepimus ex transmissa“.
183 2228 366 2307 „ 15.
479 2241 583 2307 „
704 2223 2673 2298 13585 (8775) Monachis S. Benedicti Sublacensis concedit, „ut si quando Simonem ab-
755 2294 2673 2354 batem, vel illos, qui ei successerint, bona monasterii dilapidare viderint, ad sedem
753 2349 2671 2413 apostolicam reclamandi facultatem liberam habeant“. Margarini Bull. Cass. II. 196.
757 2407 1977 2471 Migne 200 p. 1263. — „Iustis petentium desideriis“.
185 2446 366 2524 „ 21.
470 2442 587 2572 „
704 2453 2673 2528 13586 Decano et canonicis Rotomagensibus praecipit, ut una cum Rad. (lege: Rotrodo)
753 2515 2671 2574 archiepiscopo constitutionem super partitione pecuniae, ex redditibus communiae col-
757 2566 2673 2645 lectae, olim factam reforment. In bibl. nat. Paris. Chartul. Rotomag. ms. lat. nouv.
755 2623 1926 2698 acqu. 1363. s. XIX. f. 519. — „Ad hoc intentio“.
671 2720 1011 2797 1175—1180.
702 2782 2675 2890 13587 (8776) Rainerio, archiepiscopo Salonitano, scribit haec: „licet coneuetudo illa
755 2870 2671 2932 non sit consona rationi, secundum quam si clericus a Kalendis Martii usque ad Ka-
755 2923 2673 2985 lendas Novembris decesserit, totum beneficium, quod habet illo anno percipere, pro
760 2987 2673 3040 sua voluntate largitur, quia tamen in multis ecclesiis conservatur, eam satis in archi-
755 3038 2671 3098 episcopatu tuo poteris tolerare, praesertim si clericus in decessu suo gravetur onere
757 3080 2671 3151 debitorum“. Farlati III. sacr. III. 196, App. conc. Lat. XXIX. 6, Coll. Cass. XXVII. 5,
755 3146 2666 3226 Comp. I. I. 3. 4. 22. c. 7, Decr. Greg. I. III. t. 5. c. 13, Migne 200 p. 1264. —
757 3191 1391 3286 „Ad haec licet“ „Tua mos“.
671 3292 996 3392 1178. 1180.
150 3378 375 3484 Ang. 28.
402 3374 647 3500 Tusemnlani
702 3367 2671 3460 13588 Monasterii Corbeiensis (dioc. Ambian.) bona alienari vetat. (In bulla legitur-
760 3447 2668 3559 „b. m. dohanmes abbas“; aaibus es werbis tempus patet.) Ip bibi. nat. Paris. Cart.
930 128 1860 227 ALEXANDER III. 1159—1181.
2545 136 2673 231 357
