3007 3975
691 309 2675 390 1180. (Ind. 13. — 25. Sept. — 14, pont. a. 21. — 20. Sept. — 22, 1179. — 25. Mart. — 1180.)
170 368 380 510 Pebr. 1.
450 366 638 521 vencei
720 377 2693 450 13603 Fratribus S. Ruffi indulget, ut nemini liceat, cos vel ecclesias interdicto vel ex-
773 441 2693 505 communicationi subiicere. De canonicis in parochialibus ecclesiis instituendis decernit.
773 496 2695 567 Codex dipl. ord. S. Ruffi, quem composuit et possidet Ulyxes Chevalier Romanensis
773 549 1692 622 f. 16. — „Apostolicae sedis auctoritas“.
203 600 380 689 „ 3.
508 611 605 713 „
724 598 2693 673 13604 (8781) Monasterii S. Victoris protectionem suscipit disciplinamque et possessiones
773 666 2695 730 confirmat. S. Victor en Caux p. 38, teste Bréquigny Table chron. III. 552, cf. Wiener
773 717 2006 788 Sitzungsber. XXIV. 65. — „Ad universalis ecclesiae“.
201 759 382 878 „ 4.
508 766 607 881 „
722 777 2693 834 13605 (8782) Monasterii Huysburgensis protectionem suscipit, possessionesque ac iura
777 834 2693 892 confirmat. Ottoni abbati eiusque successoribus mitrae, dalmaticae, sandalium annulique
773 883 2693 949 usum tribuit. Fragmentum in bibl. reg. Berol. ms. boruss. 84 in 4? saec. XVIII.
773 938 2693 1013 ex. fol. 49, (Neue Mitth. a. d. Geb. hist. ant. Forsch. IV. I. 13). — „ . . . . Ea
773 998 1142 1064 propter dilecti“.
198 1026 380 1139 „ 9.
503 1029 609 1143 „
724 1033 2693 1110 13606 Ecclesiae Bituricensis protectionem suscipit, eiusque canonicos interdici vel ex-
773 1108 2695 1168 communicari vetat. Statuit de canonicis, qui intestati decesserint. Cartul. de Bourges
775 1168 2695 1232 ms. lat. nouv. acquis. 1274. s. XIII. f. 17 et 19“ in bibl. nat. Paris. — „Ideo sumus,
771 1212 923 1278 licet“.
203 1247 380 1382 „ 10.
503 1249 603 1371 „
722 1252 2693 1333 13607 Sententiam pro Offredo Cremonensi episcopo (contra Bergomensem), a Guidone de
773 1331 2691 1391 Summa presbytero cardinali, ap. sed. legato, super populo Rumano aliisque latam
771 1373 2686 1455 approbat. Pflugk-Harttung Acta III. 276, cf. Repertorio dipl. Cremonese I. 39. —
775 1444 1182 1503 „Ea que iudicio“.
198 1450 384 1598 „ 13.
510 1455 598 1598 „
722 1472 2693 1550 13608 (8783) Monasterii Raitenhaselacensis patrocinium suscipit, et eius bona ac iura
773 1554 2317 1605 confirmat. Mon. Boic. VI. 258. — „Religiosam vitam eligentibus“.
203 1592 382 1680 „ 13.
505 1605 605 1702 „
722 1598 2693 1662 13609 Monasterium S. Germani de Montibus tuendum suscipit, et aius possessiones con-
775 1662 2693 1724 firmat, Willelmo abbate et fratribus S. Vincentii Metensis petentibus. In bibl. nat.
775 1718 2059 1782 Paris. Coll. Moreau 82. f. 4. — „Omnium ecclesiarum“.
198 1742 382 1866 „ 18.
499 1797 603 1899 „
724 1753 2691 1830 13610 Archiepiscopis et episcopis, in quorum paroeciis ecclesiae monasterii S. Germani
773 1824 2688 1885 Parisiensis consistant, mandat, ut „idoneos clericos ab abbate vel conventu praesen-
775 1879 2691 1943 tatos, instituere nullatenus omittant“. Ex chartular. S. Germani de Pratis s. XII.
775 1934 2624 1996 LL. 1024. f. 98 in tabular. nat. Paris. Misit Delisle. — „Significantibus nobis“.
205 1961 382 2060 „ 15.
494 1961 600 2142 „
724 1978 2691 2049 13611 Fridericum imperatorem, qui pro castro Schonenburg et oppido Wesele ab-
775 2042 2691 2106 batiam Nienburgensem W(ichmanno), archiepiscopo Magdeburgensi, in concambium
773 2097 2691 2161 dederat, hortatur, ut contractum rescindat, „cum non debeant spiritualia temporalibus
773 2157 2688 2212 commutari et absque simoniaca pravitate non possint comparari“. Neues Lausitz.
777 2212 2503 2267 Magazin XL. 517, Heinemann C. D. Anhalt. I. 426. — „Cum pravus ille“.
201 2219 382 2356 „ 15.
499 2230 600 2360 „
724 2256 2688 2325 13612 Wichmannum, archiepiscopum Magdeburgensem, idem facere iubet. Addit, ut,
771 2320 2686 2380 quos alienaverit, mansos monasterio Nienburgensi infra duos menses restituat; alio-
771 2378 2688 2433 quin eum per legatos suos ad mandata apostolica efficienda coactum iri scribit.
775 2429 2691 2497 Neues Lausitz. Magazin XL. 518, Heinemann C. D. Anhalt. I. 427. — „Super multis
768 2477 1080 2550 et gravibus“.
201 2510 384 2619 „ 15.
501 2510 596 2658 „
724 2526 2686 2601 13613 P(etro), episcopo Tusculanensi, et P(etro), tit. S. Susannae presbytero cardinali,
768 2590 2686 2656 ap. sed. legatis, mandat, ut commutationem inter Fridericum imperatorem et Wich-
773 2652 2686 2716 mannum, archiepiscopum Magdeburgensem, factam rescindant. Neues Lausitz. Magaz.
773 2700 2333 2771 XL. 519, Heinemann C. D. Anhalt. I. 428. — „Sepius, dum apud“.
196 2733 384 2835 „ 15.
501 2667 598 2855 „
720 2747 2686 2820 13614 Fratribus S. Germani de Pratis Parisiensibus indulget, ut „si archiepiscopus
771 2820 2682 2879 Senonensis in procurationibus, quas debeant illi quaedam monasterii ecclesiarum,
766 2870 2684 2932 numerum equitaturarum vel hominum, in privilegio diffinitum, excedat, liberum sit
766 2926 2682 2994 eis, quod petatur, denegare“. Loewenfeld Epistolae p. 186. — „Quanto specialius“.
178 2948 373 3076 („ „)
505 2956 583 3082 „
722 2970 2686 3040 13615 (9325) (Guidoni), archiepiscopo Senonensi, interdicit, „ne in monasterio S. Ger-
771 3038 2686 3093 mani Parisiensi, tanquam ex debito, ulterius procurationem requirat“. Bouillart Hist.
768 3080 2156 3155 de St. Germain des Prez. Pr. p. 48. — „Quanto specialius“.
178 3107 373 3224 („ „)
494 3093 603 3241 („)
722 3135 2684 3206 13616 (9326) (Guidoni), archiepiscopo Senonensi, praecipit, ne monasterii S. Germani
773 3197 2682 3257 Parisiensis ecclesias „immoderatis procurationibus inquietet“. Bouillart Hist. de St.
766 3250 2063 3319 Germain des Prez. Pr. p. 47. — „Attendentes qualiter“.
176 3286 375 3469 “ „2
490 3277 603 3478 6
720 3294 2684 3376 13617 (9327) (Guidonem), archiepiscopum Senonensem, reprehendit, quod contra privile-
771 3363 2682 3425 gium monachorum S. Germani Parisiensium „quadraginta equos et septuaginta homines ad
771 3411 2680 3486 quandam monasterii ecclesiam ducere et pro hiis omnibus procurationem accipere minimc
771 3469 2677 3573 dubitarerit. Bouillart Hist. de St. Germ. des Pres. Pr. p. 47. — „Non excidit a“.
954 141 1880 240 ALEXANDER III. 1159—1181.
2565 156 2695 238 359
