3007 3975
320 172 446 253 360
868 320 2836 415 1180. (Ind. 13. — 25. Sept. — 14, pont. a. 21. — 20. Sept. — 22, 1179 — 25. Mart. — 1180).
340 395 558 477 Febr. 16.
627 386 813 479 Velletri
897 399 2865 470 13618 Monasterii Aureae-vallis (dioc. Trevir.) tutelam suscipit, possessionesque ac iura
943 461 2865 536 confirmat, petente Stephano abbate. Goffinet Cartul. d'Orval p. 76. — „Religiosam
947 514 1385 580 vitam eligentibus“.
373 567 554 640 „ 18.
687 571 766 649 „
899 565 2865 638 13619 *Monasterio Miciacensi privilegium dat, petente Andrea abbate. In bibl. nat.
945 624 1745 680 Paris. Coll. Baluze 87. f. 107 bis.
373 666 558 761 „ 22.
676 636 773 761 „
899 677 2863 742 13620 (8784) Monasterii S. Laurentii Scheningensis disciplinam, possessiones, privilegia,
945 733 2863 812 petente Bodone praeposito, confirmat. Falke Cod. Trad. Corb. p. 769. — „Officii
945 788 1224 852 nostri nos“.
373 832 556 918 „ 23.
684 845 764 918 „
901 832 2865 909 13621 Archiepiscopis et episcopis, in quorum episcopatibus sunt ecclesiae monasterii
943 898 2531 967 Casinensis. Sic ap. Pflugk-Harttung Iter p. 287. — „Audivimus et“.
373 914 558 1040 „ 25.
684 945 764 1044 „
897 954 2865 1015 13622 (8785) Archiepiscopis et episcopis Sardiniae praecipit, ne contra concilii nuper
943 1009 2863 1064 celebrati decreta ecclesiarum monasterii Casinensis privilegia invadant. Gattulae Hist.
943 1060 2863 1137 Cas. p. 430, Tosti St. di Montec. II. 208, Hist. Patr. Mon. X. 222, Migne 200 p. 1267.
952 1119 1630 1185 — „Audivimus et audientes“.
375 1137 558 1249 „ 25.
682 1172 766 1263 „
899 1163 2865 1241 13623 (7933) (Simoni), episcopo Meldensi, concedit, „ut si de rebus, quae ad capitulum
945 1230 2865 1287 pertineant, inter canonicos discordia emerserit, et infra terminum competentem nequi-
952 1285 2863 1344 verint convenire, liberum ei sit, de causa cognoscere, vel committere alii negotium
947 1338 2861 1402 terminandum“. (Bullam integram praebent ms. lat. 5528 f. 16“ et ms. lat. 18355 f. 9;
947 1395 2863 1464 nomen episcopi indicatum non est). Theodori Poenitentiale II. 611, Migne 200 p. 716.
952 1448 1491 1514 — „Pontificalis exigit“.
377 1475 554 1587 „ 26.
682 1488 760 1631 „
899 1488 2865 1572 13624 (8786) Ecclesiam Monopolitanam tuendam suscipit eiusque bona et privilegia con-
945 1559 2856 1634 firmat, petente Stephano episcopo. Ughelli It. sacr. I. 965, Migne 200 p. 1268. —
947 1612 1422 1678 „Ex iniuncto nobis“.
894 1654 2863 1733 13625 (Matthaeo) Trecensi episcopo nuntiat, (Simonem) episcopum Meldensem, licet
947 1724 2861 1782 iuxta mandatum apostolicum Her(vei) canonici praebendam integrare debuisset, dimi-
947 1777 2856 1850 diam vacanter filio nobilis viri G. de Cheureuse assignasse. Quod irritum esse vult.
950 1828 2856 1908 Matthaeo negotium dat, ut quae mandata sint, exequatur. Loewenfeld Epistolae p. 186.
952 1888 1528 1956 — „Estimabamus, quod“.
894 1927 2861 2002 13626 (Simonem) episcopum Meldensem graviter increpat, quod mandata apostolica con-
943 1998 2858 2055 temnens vacantem Constantii succentoris praebendam, qua Her(vei) canonici dimidiam
947 2055 2858 2113 integrare debuisset, filio nobilis viri G. de Cheureuse donaverit; quam donationem
947 2104 2858 2170 irritam denuntiat. Praescriptam dimidiam nomine Hervei absentis Rorico archidiacono
943 2161 2858 2230 et Guidoni nepoti decani vel eorum alteri assignari iubet. Loewenfeld Epistolae
945 2219 1696 2287 p. 187. — „Ex his, que de te“.
897 2259 2861 2343 13627 M(ichaelem) decanum et capitulum Meldense de superioribus ad Trecensem et
952 2329 2858 2389 Meldensem episcopos epistolis certiores reddit. Prohibet, ne quem ante praebendam
945 2376 2856 2451 Her(wei) integratam in fratrum numerum recipiant. Loewenfeld Epistolae p. 188.
950 2433 1679 2510 — „Pro integratione prebende“.
340 2438 556 2574 Mart. 5.
680 2506 762 2570 „„
894 2491 2858 2550 13628 Hieronymo priori et canonicis S. Frigdiani Lucensibus nuntiat, sese civitatem
945 2535 2858 2608 Lucensem interdixisse, ut eam ad pecuniam Oddoni de Insula, civi Romano, resti-
947 2603 2858 2672 tuendam cogat; divina tamen officia celebrare eis permittit. Pflugk-Harttung Acta
945 2661 1877 2727 III. 277. — „Quod civitatem Lucanam“.
364 2676 552 2784 „ 8.
682 2711 762 2793 „
894 2703 2858 2782 13629 Monasterii Vallis-clarae patrocinium suscipit, possessionesque et privilegia con-
945 2767 2856 2839 firmat, petente Nicolao abbate. Chartes de Vauclair, ms. lat. 11073. s. XII. f. 58.
945 2822 1743 2890 — „Religiosam vitam eligentibus“.
373 2833 556 2959 „ 13.
682 2831 760 2963 „
899 2859 2858 2945 13630 (Algisio), archiepiscopo Mediolanensi, (Petro) Papiensi et (Alberico) Laudensi
943 2926 2856 2987 episcopis mandat, ne a monachis Clarevallensibus vel aliis fratribus ordinis Cister-
945 2979 2856 3047 ciensis de laboribus, id est de novalibus et de aliis terris, quas propriis manibus vel
950 3038 2856 3102 sumptibus excolant, decimas exigi patiantur. Vignati Cod. dipl. Laud. II. 100, Pflugk-
947 3098 2191 3162 Harttung Acta III. 277. — „Audivimus et audientes“.
373 3129 556 3226 „ 14.
678 3142 773 3297 „
899 3138 2856 3219 13631 Monasterii S. Mariae de Goffer (vel Silleiensis) tutelam suscipit, et privilegia
947 3204 2856 3272 confirmat, petente Radulfo abbate. Autogr. in Archives dép. de IOrne in Alen-
945 3248 2854 3325 con, fonds de Silly; Copia in bibl. nat. Paris. Chartul. Silleiensi ms. lat. 11059.
945 3301 2085 3380 s. XIII. f. 35. — „Religiosam vitam eligentibus“.
366 3301 556 3447 „ 15.
899 3354 2856 3436 13632 (8787) Ecclesiam S. Mariae Tuscanensem tuendam suscipit et eius possessiones
950 3414 2852 3502 ac privilegia confirmat, petente Mardocheo priore. („XVIII. kal. Apr.“) Ughelli It.
952 3480 1800 3586 saer. I. 1496. — „Cum nobis, licet“
1135 159 2056 267 ALEXANDER III. 1159—1181.
