3007 3975
647 293 2609 393 1180. (Ind. 13. — 25. Sept. — 14, pont. a. 21. — 20. Sept. — 22, 1179 — 25. Mart. — 1180.)
680 366 2646 443 13633 (8788) Petente abbate et capitulo Cisterciensi, statuit, „ut nulli fratrum sine
408 368 600 468 Velletri
128 375 349 446 Mart. 15.
731 437 2646 501 eorum licentia fas sit de claustro discedere, discedentem vero absque communium
731 483 2651 556 literarum cautione nullus audeat retinere Gleg. recipere“. Dat. „XVIII. kal. Apr.“)
731 543 1981 605 Pérard Recueil p. 255. — „Quotiens a nobis petitur“.
684 589 2653 664 13634 Monasterii S. Angeli ad montem possessiones confirmat, petente Lamberto priore.
163 591 349 680 „ 21.
475 611 554 671 „
733 647 1944 715 Pflugk-Harttung Iter p. 288. — „Quotiens a nobis“.
687 693 2651 772 13635 Controversiam inter Odonem, magistrum scholarum ecclesiae Bituricensis, „con-
167 708 346 788 „ 28.
466 715 561 786 „
733 764 2653 823 fratrum suorum vicem agentem“, et P(etrum) de Karentonio super concessione prae-
733 821 2651 883 bendae ortam diiudicat. In bibl. nat. Paris. Cartul. de Bourges ms. lat. nouv. acquis.
740 867 2653 938 1274. s. XIII. f. 15b. (Bullam datam esse „Velletri V. kal. Apr.“ ex originali
737 929 2655 995 docet Girardot Hist. du chapitre de St. Etienne de Bourges p. 15). — „Quotiens
731 976 1106 1051 aliqua negotia“.
687 1033 2655 1097 13636 Monasterii S. Germani de Pratis Parisiensis tutelam suscipit, possessionesque et
163 1037 346 1115 „ 28.
468 1042 561 1113 „
733 1093 2653 1161 privilegia confirmat, petente Hugone abbate. Autogr. in tab. nat. Paris. L. 231. n. 64.
737 1152 1288 1207 — „In eminenti beati“.
687 1199 2655 1263 13637 (8789) Monasterium S. Mariae Fontis-vivi tuendum suscipit et eius bona iuraque
163 1199 351 1276 „ 31.
468 1199 561 1278 „
735 1247 2651 1320 confirmat, petente Armanno abbate. Affo St. di Parma II. 385: „II. kal. Apr.“
731 1309 2576 1373 (Pflugk-Harttung Iter p. 288: „II. id. Apr.“). — „Religiosam vitam eligentibus“.
684 1366 2655 1426 13638 Willelmo abbati et fratribus S. Michaelis de Therassia varia bona asserit, in
130 1362 346 1433 Apr. 1.
463 1375 558 1442 „
737 1419 2655 1481 his „redecimationem feni ac frugum Laudunensis episcopi“. Ex chartular. S. Mich.
737 1468 2655 1543 de Ther., ms. lat. 18375 p. 242 in bibl. nat. Paris. misit Delisle. — „Religiosorum
737 1532 901 1592 votis“.
684 1578 2657 1649 13639 Archiepiscopis, episcopis et aliis ecclesiarum praelatis mandat, ut de malefactoribus
165 1581 344 1658 „ 2.
475 1587 565 1665 „
740 1643 2657 1704 fratrum Fusniacensium iustitiam faciant et illata damna resarciri iubeant. In bibl.
737 1693 2167 1753 nat. Paris. Coll. Moreau t. 70. f. 240. — „Dilecti filii nostri“.
687 1751 2657 1815 13640 A(lgiso), archiepiscopo Mediolanensi, eiusque suffraganeis scribit, curent ne a
167 1744 344 1835 „ 3.
461 1749 563 1881 „
740 1806 2660 1866 fratribus Casae novae, sicuti nec ab aliis fratribus ordinis Cisterciensis, decimae de
737 1861 2660 1919 novalibus vel de terris, quas propriis manibus vel sumptibus colant vel de nutri-
737 1912 2660 1983 mentis animalium extorqueantur. Pflugk-Harttung Iter p. 288. — „Audivimus et
737 1963 1000 2038 audientes“.
689 2020 2662 2093 13641 A(mato) episcopo, priori et canonicis S. Iuvenalis Narniensibus mandat, sub ex-
165 2027 349 2095 „ 4.
468 2022 563 2150 „
740 2080 2660 2139 communicationis poena inhibeant, „ne laici vel coniugati praebendas tamquam cano-
740 2135 2662 2192 nici in ecclesia ipsa recipere vel alii locum in ea vindicare per violentiam praesu-
742 2190 2662 2256 mant“. Bucciarelli Eccl. Narniensis p. 12, Pflugk-Harttung Acta III. 279. — „Quanto
737 2241 1117 2309 ecclesia vestra“.
691 2296 2664 2358 13642 Ecclesiae Narniensis statutum de numero 24 canonicorum ac de electione novo-
172 2290 351 2369 „ 5.
470 2301 563 2367 „
740 2351 2651 2418 rum approbat. Bucciarelli Eccl. Narniensis p. 13, Pflugk-Harttung Acta III. 279. —
740 2407 1288 2475 „Cum de reformatione“.
689 2451 2662 2524 13643 (8790) O(mnibono) Veronensi et (Garsendonio) Mantuano episcopis mandat, com-
167 2457 355 2537 „ 7.
468 2473 570 2539 „
744 2519 2664 2581 pellant T(urrisendem) nobilem virum, ut Nogariam curtem, vi occupatam, monachis
742 2563 2657 2641 Nonantulanis restituat. Tiraboschi St. di Non. II. 278, Migne 200 p. 1270. —
740 2630 1250 2694 „Dilectorum filiorum“.
691 2674 2662 2753 13644 (8791) Monasterii S. Michaelis Pisani protectionem suscipit, possessionesque ac
170 2687 357 2767 „ 8.
475 2680 574 2778 „
742 2738 2662 2804 privilegia confirmat, petente Zacharia abbate. Mittarelli Ann. Cam. IV. app. p. 92.
746 2791 1283 2859 — „Officii nostri nos“.
695 2844 2666 2906 13645 Inter fratres Fulcardimontenses et monasterium de Flai compositionem super
172 2842 357 2921 „ 12.
477 2844 574 2921 „
746 2899 2666 2961 terra de Spina a T(heobaldo) episcopo Ambianensi factam approbat. In bibl. nat.
742 2954 2664 3027 Paris. Cartul. Fulcardim. ms. lat. nouv. acqu. 248. f. XP. — „Ex rescripto compo-
742 3007 958 3071 sitionis“.
695 3062 2662 3131 13646 Monasterii S. Mariae Molismensis tutelam suscipit ac disciplinam, possessiones,
178 3067 362 3142 „ 14.
472 3071 574 3146 „
746 3118 2664 3191 privilegia confirmat, petente Stephano abbate. Pflugk-Harttung Acta I. 273. —
744 3175 1193 3233 „Quotiens illud a“.
698 3224 2664 3288 13647 (8792) Ecclesiam S. Petri Mercatellensem tuendam suscipit eiusque bona ac iura
174 3193 357 3297 „ 14.
475 3230 578 3303 „
748 3277 2664 3341 confirmat, petente Rainerio archipresbytero. Ughelli It. sacr. I. 1319. — „Licet omnibus“.
695 3330 2668 3405 13648 Fratribus S. Mariae Buxeriensibus asserit villam de Gruosum, ab A. milite donatam.
181 3343 364 3405 „ 17.
477 3334 574 3411 „
746 3383 2666 3471 Cartul. S. Mariae Buxer. ms. lat. 5463. s. XIII. f. 33“ in bibl. nat. Paris. — „Sug-
748 3447 1433 3544 Festum (est) auribus mostris“.
183 3489 748 3588 Regesto Pont. Roman. Bs. ssc. II.
2330 3495 2397 3584 46
908 139 1840 229 ALEXANDER III. 1159—1181.
2525 145 2644 231 361
