3007 3975
333 159 457 249 362
877 306 2845 401 1180. (Ind. 13. — 25. Sept. — 14, pont. a. 21. — 20. Sept. — 22, 1179. — 25. Mari. — 1180.)
353 373 572 472 Apr. 25.
640 371 830 477 Velletri
908 382 2872 459 13649 W(illelmo Remensi), S. Sabinae cardinali, apost. sedis legato, et (Arnoldo) Tre-
963 452 2874 510 virensi archiepiscopis, ac (Bertoldo) Metensi, (Arnulfo) Virdunensi, (Radulfo) Leo-
963 503 2874 565 diensi episcopis aliisque mandat, ne a fratribus Aureae-vallis vel ab aliis ordinis
958 558 2874 618 Cisterciensis monachis decimas exigi patiantur. Goffinet Cartul. d'Orval p. 78. —
963 605 1566 673 „Audivimus et audientes“.
391 658 567 742 „ 28.
700 675 784 737 „
910 664 2881 735 13650 Monasterii Aureae-vallis bona ac privilegia quaedam confirmat. Goffinet Cartul.
961 713 2048 788 d'Orval p. 79. — „Iustis petentium desideriis“.
384 770 570 854 „ 28.
700 783 782 859 „
912 775 2876 843 13651 Monasterii S. Petri de Campo possessiones confirmat, bulla ad Benedictum ab-
963 825 2262 889 batem. Pflugk-Harttung Iter p. 288. — „Officii nostri“.
351 870 574 962 Mai. 1.
691 881 788 1018 „
914 881 2876 951 13652 (Bertoldum) episcopum Constantiensem et (Christianum) abbatem Salemensem
961 940 2874 1000 iudices constituit inter Heinricum presbyterum et C. sacerdotem, super capella qua-
961 995 2874 1055 dam in parochia Leutkirchensi sita litigantes. („VII. non. Madii“). Weech Cod. dipl.
963 1051 1984 1119 Salemit. p. 39. — „Veniens ad apostolicae“.
386 1097 570 1196 „ 2.
700 1031 786 1194 „
910 1104 2874 1170 13653 Ecclesiae Bononiensis statutum de numero 18 canonicorum a I(ohanne) episcopo
961 1161 2728 1227 confirmatum approbat. Pflugk-Harttung Acta III. 280. — „Que a praelatis“.
377 1194 567 1294 „ 3.
695 1188 788 1294 „
910 1216 2876 1280 13654 Archiepiscopis, episcopis et aliis ecclesiarum praelatis, in quorum parochiis pos-
963 1272 2874 1336 siones monasterii Fusniacensis sunt, mandat, ut parochianos quosdam ab iniuriis in
961 1325 2867 1393 fratres Fusniacenses dehortentur. In bibl. nat. Paris. Coll. Moreau t. 70. f. 242. —
963 1380 1663 1439 „Conquerentibus dilectis filiis“.
377 1415 570 1506 „ 5.
693 1424 786 1561 „
914 1431 2874 1501 13655 Ecclesiae S. Stephani de Pleissitio Grimoldi (vel Campo Osberti) tutelam suscipit,
963 1492 2874 1556 possessionesque et privilegia confirmat, petente Nicolao priore. Cartul. de l'abb. du
961 1545 2874 1605 Plessis-Grimould s. XVex. f. 8; Copia s. XV. fonds du Plessis n. 13, in Arch. dép.
963 1603 2255 1667 du Calvados in Caen. — „Effectum iusta postulantibus“.
386 1627 572 1733 „ 12.
691 1567 784 1744 „
912 1649 2878 1715 13656 (8793) Canonicis Mutinensibus asserit castrum Pantianum ceteraque bona, ab
967 1713 2874 1775 A(rdizzone) episcopo iis addicta. Tiraboschi Mem. Mod. III. 82: „IV. id. Mad.“,
961 1764 2569 1824 (Pflugk-Harttung Iter p. 52: „IIII. kal. Mad.“). — „Iustis petentium“.
391 1804 574 1894 „ 12.
700 1810 782 1894 „
916 1821 2876 1881 13657 Monasterii Fusniacensis redditus et possessiones confirmat. Autogr. in bibl. nat.
961 1879 2688 1936 Paris. Coll. Grenier t. 289. Foigny nr. 16. — „Iustis petentium desideriis“.
384 1919 574 2029 „ 13.
691 1925 779 2020 „
912 1919 2876 1996 13658 Venusino et Rubusano episcopis negotium dat, ut gravissimas querimonias a cle-
961 1985 2874 2044 ricis civitatis Tranensis in (Bertrandum) eorum archiepiscopum prolatas diligenter
965 2044 2757 2108 inquirant. Prologo Le carte di Trani p. 261. — „Venientes ad praesentiam“.
691 2031 779 2175 „
914 2086 2874 2153 13659 Monasterii S. Victoris decimas a XL retro annis possessas auferri vetat, „nisi
961 2148 2876 2214 forte terrae, de quibus decimae praestentur, ad eos transierint, qui a praestandis
961 2208 2874 2267 decimis sint exempti“. („VI. . . . .“). Autogr. mutilum in tabul. nat. Paris. L. 231.
961 2259 2867 2318 n. 7. (In bibl. nat. Paris. Chartul. S. Victoris ms. lat. 14672. s. XVI. f. 40). —
961 2314 1506 2373 „Iustis postulationibus“.
360 2296 470 2457 („)
684 2349 786 2457 („)
914 2362 2874 2435 13660 (8794) B(artholomaeo), archiepiscopo Turonensi, apostolicae sedis legato, scribit,
963 2420 2874 2484 cum persuasum habuerit, eum „proxima dominica, qua cantatur Laetare Ierusalem
961 2479 2876 2544 (30. Mart.), vel ego sum pastor bonus“ (4. Maii) ad sese accessurum, nuncium eius
965 2537 2874 2599 venisse. Addit, se, Ludovici Francorum regis et Philippi regis precibus adductum,
965 2588 2874 2652 „usque ad proximum festum b. Martini (11. Nov.) licet non sine multo et gravi onere
963 2641 2876 2714 R(olandi) electi Dolensis, apud se per annum et amplius exspectantis, terminum pro-
965 2694 2874 2756 longare“, quo accedere eum iubet. Martene Thes. III. 905, Morice Mém. de Bret.
961 2749 2233 2811 I. 674, Bouquet Rec. XV. 971. — „Non sumus obliti“.
331 2791 583 2881 c. Mai. Iun.
908 2804 2874 2868 13661 (Matthaeo) episcopo Trecensi mandat, moneat (Simonem) episcopum Meldensem,
961 2864 2874 2921 ut vacantium praebendarum unam H(erveo) canonico assignare aut dimidiam eius
965 2921 2874 2976 integrare ulterius non differat; qui nisi fecerit, ipse mandatum apostolicum exequatur.
963 2972 2165 3032 Loewenfeld Epistolae p. 190. — „Non sine iniuria“.
380 3023 552 3140 „ „
908 3018 2876 3087 13662 (Simonem) episcopum Meldensem de contempto mandato apostolico vehementer
958 3078 2874 3140 obiurgat; iterum iterumque ei mandat, ut H(erveo) canonico integram Hugonis de
961 3135 2874 3195 Oratorio nuper defuncti praebendam assignet vel dimidiam eius tandem integret; alio-
961 3191 2874 3252 quin (Matthaeum) episcopum Trecensem mandatum suum impleturum esse scribit.
963 3248 2291 3312 Loewenfeld Epistolae p. 190. — „Verecundum nobis est“.
371 3210 554 3422 „ „
908 3283 2874 3365 13663 (Michaeli) decano et capitulo Meldensi praecipit, moneant (Simonem) episcopum Mel-
961 3350 2874 3414 densem, ut H(erveo) canonico integram Hugonis de Oratorio nuper defuncti prae-
961 3405 2874 3469 bendam assignet, vel dimidiam eius tandem integret. De negotio (Matthaeo) Trecensi
963 3467 2761 3575 episcopo dato addit. Loewenteld Epistolae p. 192. — „Audientes a pluribus“
1142 152 2070 247 ALEXANDER III. 1159—1181.
