3007 3975
638 291 2613 382 1180. (Ind. 13. — 25. Sept. — 14, pont. a. 21. — 20. Sept. — 22, 1179 — 25. Mart. — 1780.)
375 357 609 463 Tusculani
114 353 331 454 Iun. 13.
669 366 2642 435 13664 (8795) Parthenonis S. Sophiae Aschoviensis protectionem suscipit, bonaque ac
720 421 2642 499 privilegia confirmat, petente Wurtrude abbatissa. Würdtwein Nova subs. dipl. X. 90.
722 479 1378 549 — „Prudentibus virginibus“.
671 536 2642 600 13665 (8796) Monasterio S. Petri Gandavensi asserit ecclesias quasdam, ab Everardo
150 527 331 598 „ 16.
455 541 547 677 „
724 594 2640 655 episcopo Tornacensi datas. Miraei Opp. dipl. III. 673, Lokeren S. Pierre à Gand
720 651 2079 715 p. 155 n. 264, et p. 187. — „Iustis petentium desideriis“.
669 700 2633 768 13666 Monasterio S. Quintini (Montensis) privilegium dat. Neues Archiv VII. 106. —
148 695 331 761 „ 17.
461 677 547 775 „
720 755 1179 825 „Religiosam vitam“.
671 808 2640 876 13667 (Mariam) comitissam Trecensem hortatur, ut ab iniuriis in L. clericum desistat
139 801 331 885 „ 17.
457 801 550 892 „
720 872 2430 927 ablataque ei reddat. Loewenfeld Epistolae p. 193. — „Magnitudinis tue“.
143 907 329 984 „ 21.
671 925 2638 989 13668 (8797) Monasterium Lucellense tuendum suscipit et eius bona iuraque confirmat,
446 907 547 1042 „
718 978 2635 1042 petente Archenfrido abbate. (Bulla arte phototypica expressa est apud) Vautray
722 1031 2638 1093 Hist. des év. de Bàle I. inter p. 178 et 179; Schoepflin Als. dipl. I. 271, Trouillat
722 1086 2087 1146 Monum. de BAle I. 380. — „Religiosam vitam eligentibus“.
143 1132 329 1203 „ 22.
669 1141 2635 1205 13669 *Monasterii Locicrescentis, rogatu Narduini abbatis, privilegia confirmat et auget.
441 1135 550 1205 („)
713 1190 2333 1256 Cartul. de Lieu-croissant in bibl. nat. Paris. Coll. Moreau 874. f. 216.
667 1243 2635 1313 13670 (Theoderico archiepiscopo Vesontionensi eiusque suffraganeis) mandat, ut quidquid
148 1234 331 1320 „ 25.
448 1243 543 1322 „
718 1307 2633 1366 ab Herberto quondam intruso vel aliis schismaticis contra fratres ordinis Cisterciensis
715 1355 2635 1431 statutum sit, in irritum revocent. Loewenfeld Epistolae p. 193. — „Cum (corr. Cura)
713 1419 1135 1472 commissae nobis“.
665 1466 2633 1534 13671 (8798) Canonicis Mindensibus praedium Lesynghre asserit. Würdtwein Nova
143 1455 329 1537 „ 27.
455 1464 532 1545 „
713 1523 1902 1592 subs. dipl. XI. 99. — „Iustis petentium desideriis“.
108 1570 326 1654 lul. 1.
667 1581 2633 1640 13672 Monasterii Vallis S. Mariae tutelam suscipit, ac disciplinam, possessiones, privi-
450 1576 539 1654 „
715 1638 2633 1702 legia confirmat, petente Arnoldo abbate. Pflugk-Harttung Acta I. 275. — „Religio-
711 1696 1265 1755 sam vitam eligentibus“.
139 1742 324 1819 „ 2.
662 1740 2633 1808 13673 (8800) Ecclesiam Cabilonensem tuendam suscipit bonaque eius confirmat, petente
448 1742 545 1837 „
713 1797 2631 1863 Galtero decano. Gall. Chr. IV. Instr. p. 243, Perry Hist. de Chal. Pr. p. 53, L'Illustre
713 1859 2235 1914 Orbandale II. Pr. p. 63, Migne 200 p. 1271. — „Cum nobis sit“.
665 1901 2633 1972 13674 Monasterii S. Mariae Magdalenae Frankenthalensis protectionem suscipit, ac disci-
136 1899 322 1976 „ 5.
446 1857 543 2038 „
713 1961 2629 2033 plinam, possessiones, privilegia confirmat, petente Henrico abbate. Pflugk-Harttung
713 2022 1694 2089 Acta I. 277. — „In eminenti apostolicae“.
665 2067 2626 2139 13675 Decano et capitulo Cabilonensi concedit, ut malefactores suos parochianos, „si
139 2038 322 2146 „ 5.
448 2042 545 2148 „
713 2133 2629 2192 episcopus secundo vel tertio requisitus ab eis, assensum praebere noluerit“, anathe-
715 2184 2631 2248 matizent. Ex chartular. S. Vincentii Cabilon., ms. lat. 17090. p. 124, in bibl. nat.
711 2230 1862 2307 Paris. Misit Delisle. — „Defensioni ecclesiarum“.
660 2287 2629 2351 13676 D(eodato) abbati et fratribus S. Victoris significat, confirmare se transactionem
141 2285 324 2365 „ 6.
450 2292 541 2354 „
713 2354 2633 2411 eorum cum canonicis S. Sepulcri Massiliensibus, a Willelmo quondam archiepiscopo
715 2404 2485 2464 Ebredunensi factam. Coll. des Cartulaires IX. 365. — „Cum dilectus filius“.
660 2457 2631 2521 13677 Iohanni, episcopo Carnotensi, ecclesiam S. Georgii Vindocinensem subiicit. Lé-
136 2449 322 2537 „ 7.
448 2451 547 2535 „
713 2517 2631 2581 pinois et Merlet Cartul. de N.-D. de Chartres I. 198. — „Iustis petentium desi-
709 2566 885 2632 deriis“.
662 2616 2629 2691 13678 (8801) (Omnibono) Veronensi, (Gerardo) Patavino, Glohanni) Vicentino, (Petro?)
141 2612 318 2685 „ 8.
433 2612 550 2756 „
715 2678 2629 2740 Tarvisino episcopis scribit, post pacem cum imperatore et treuga Lombardorum tot
713 2731 2624 2800 laboribus confectam Bononienses castrum et ecclesiam Montisbellii destruxisse; ac,
715 2793 2624 2855 etsi ab imperatoriae partis hominibus violata treuga sit, tamen legatos imperatoris,
715 2846 2629 2903 ut damnum ex treugae legibus compensaretur, iam „magnifice“ expostulasse. Talia
713 2895 2629 2963 facinora ut provideant, ac si facta sint, illata detrimenta sarciri iubeant, petit. Savioli
713 2954 2626 3014 Ann. Bol. II. II. 103, Vignati Stor. dipl. d. lega Lomb. p. 339, Gloria Cod. dipl.
711 3001 2258 3065 Pad. II. 380, (Lupi C. D. Berg. II. 1311). — „Quot sollicitudines“.
662 3056 2624 3127 13679 (8802) Archiepiscopo Ravennati et eius suffraganeis eadem scribit. Lupi C. D.
141 3051 322 3127 „ 8.
450 3065 545 3133 „
713 3115 1646 3173 Berg. II. 1311. — „Quot sollicitudines“.
662 3171 2626 3233 13680 (8803) Ecclesiae S. Mariae de Foro protectionem suscipit, possessionesque con-
143 3157 324 3241 „ 11.
444 3162 550 3308 „
711 3226 2624 3286 firmat, imposito clericis unius bisantii censu annuo. Schiavinae Ann. Alex. in Hist.
713 3272 2618 3347 Patr. Mon. XI. 43, Ghilini Annal. di Aless. p. 9, Moriondi Mon. Aqu. I. 77. —
713 3323 1104 3396 „Cum nobis sit“.
660 3380 2622 3458 13681 Statuit, ut abbas et custos S. Iohannis baptistae Magdeburgensis, ille percepta
141 3374 326 3480 „ 13.
448 3316 552 3511 „
715 3438 2618 3542 benedictione, hic percepta obedientia, „in ordinatione sua de indemnitate rerum
2255 3502 2348 3584 46*
903 132 1833 223 ALEXANDER III. 1159—1181.
2520 141 2646 231 363
