3007 3975
335 159 459 249 364
883 302 2843 399 1180. (Ind. 15. — 25. Sept. — 14, pont. a. 21. — 20. Sept. — 22, 1179 — 25. Mart. — 1180.)
961 388 2881 457 ecclesiae praebeant iusiurandum“. Holstein Urk. d. KI. Berge (Geschichtsqu. d. Prov.
963 448 2012 516 Sachs. IX.) p. 28. — „Si quando postulatur“.
614 437 855 565 „usealani
916 503 2881 563 13682 S(tephano) abbati S. Genovefae et Ph. archidiacono Parisiensi mandat, curent
355 481 581 560 Iul. 12.
965 558 2876 616 ut canonici S. Oportunae redditus pascuorum quorundam ecclesiae restituant nec in
969 616 2881 673 proprios usus convertant. In tabul. nat. Paris. Cart. de St. Germain l'Auxerrois s. XIII.
967 666 2094 722 LL. 489. f. 31. — „Ex transmissa insinuatione“.
914 706 2883 790 13683 (Stephano) abbati S. Genovefae et Ph. archidiacono Parisiensi negotium dat, ne
391 695 576 792 „ 13.
700 706 790 810 „
967 777 2881 832 capitulum S. Germani Autissiodorensis a canonicis S. Oportunae super decimis de
969 828 2881 892 Marisco inquietari patiantur. In tabul. nat. Paris. Cart. de St. Germain l'Auxerrois s. XIII.
967 874 1984 949 LL. 489. f. 31“. — „Querelam dilecti filii“.
916 936 2876 1004 13684 (Odonis) magistri militiae templi Hierosolymitani eiusque fratrum protectionem
393 909 576 1007 „ 13.
693 931 795 1022 „
969 995 2881 1057 suscipit ac possessiones et privilegia confirmat. Prutz Malteser Urk. p. 31, idem ap.
969 1051 2412 1108 Löher Archiv. Zeitsch. VIII. 93. — („Omne datum optimum“).
916 1097 2883 1163 13685 (Oberto) Terdonensi, T(edaldo) Placentino, O(ffredo) Cremonensi et B(ernardo)
393 1093 578 1177 „ 13.
693 1106 799 1166 „
967 1159 2881 1221 Parmensi episcopis et canonicis S. Domnini mandat, moneant parochianos quosdam
972 1207 2883 1272 suos, ut possessiones parthenoni S. Mariae Theodotae ablatas restituant. Pflugk-
967 1258 2865 1327 Harttung Acta III. 281, (Wiener Sitzungsber. XCIV. 671. — „Dilecta in Christo“.
914 1320 2881 1384 13686 (8804) Canonicum ab O(thone) episcopo Alexandrino in ecclesia S. Petri con-
395 1309 578 1386 „ 18.
698 1318 804 1453 „
967 1375 2881 1439 stitutum eiusque dignitates ac possessiones confirmat. Ughelli It. sacr. IV. 315,
969 1431 2878 1497 Ghilini Annal. di Aless. p. 8, Schiavinae Ann. Alex. in Hist. Patr. Mon. XI. 40,
969 1484 2878 1545 Moriondi Mon. Aqu. II. 13, Mansi XXI. 912, Migne 200 p. 1272. — „Congruum officii“.
916 1532 2885 1596 13687 (8804a) Heinrici Gradensis et Ulrici Aquileiensis patriarcharum de episcopatibus
399 1523 576 1614 „ 30.
702 1541 808 1612 „
969 1596 2887 1658 Istricis ac de thesauro ecclesiae Gradensis per Popponem ablato conventum probat.
972 1647 2885 1715 Ex tabular. Caesar. Vindob. In schedis Mon. Germ. (In clausula legendum esse:
974 1700 2885 1768 „III. kal. Aug.“ ex autographo docet Kaltenbrunner in Wiener Sitzungsber. XCIV. 643.
980 1755 2885 1828 Vehementissime corruptus est textus in Cod. dipl. Istriano I. ad a. 1180). — „Cum
969 1817 1414 1881 inter venerabilem“.
921 1863 2889 1930 13688 (Simonem) episcopum Meldensem vituperat, quod in Matthaeum episcopum Tre-
969 1927 2889 1985 censem, mandatum apostolicum de integranda H(ervei) praebenda executum, Phi-
972 1983 2887 2042 lippum iuniorem regem Francorum instigaverit. Ut a talibus iniuriis desistat, hortatur.
974 2033 2220 2102 Loewenfeld Epistolae p. 194. — „Super inobedientia“.
923 2089 2892 2153 13689 (Willelmo) Remensi archiepiscopo, S. Sabinae cardinali, apost. sedis legato, signi-
976 2142 2892 2203 ficat, (Simonem) episcopum Meldensem in (Matthaeum) episcopum Trecensem et
976 2201 2889 2263 H(erveum) canonicum, cuius praebenda ab eo integrata sit, Philippum iuniorem Fran-
978 2259 2892 2314 corum regem instigasse; quem ut ab indignatione adversus illos revocet, mandat.
978 2309 2218 2365 Loewenfeld Epistolae p. 195. — „Cum frater noster“.
368 2285 589 2449 Lan 11.
927 2360 2892 2426 13690 (Hyacyntho) episcopo Frequentinensi et abbati S. Sophiae Beneventano mandat,
709 2345 804 2488 „
976 2415 2889 2479 cogant abbatissam S. Victorini Beneventani, ut abbati S. Vincentii de Monte et de-
978 2473 2892 2537 bitos redditus et obedientiam exhibeat (cf. supra ep. 13255). Pflugk-Harttung Acta
980 2532 1968 2592 III. 275. — „Ex transmissa conquestione“.
927 2574 2892 2643 13691 (Petro) Teanensi, (Hervaeo) Suessanensi et (Guillelmo) Caiacensi episcopis man-
399 2574 587 2647 „ 12.
713 2563 810 2700 „
978 2636 2889 2698 dat, ut, cum ab abbate S. Vincentii de Monte fuerint requisiti, Capuam accedant
980 2691 2892 2767 causarque „de tenimentis“ ipsius inquirant et determinent. Pflugk-Harttung Acta
976 2744 1729 2809 III. 276. — „Significavit nobis“.
930 2795 2892 2864 13692 (8805) Monasterii S. Mariae Mirae-vallis protectionem suscipit, possessionesque ac
371 2797 594 2864 Sept. 26.
713 2797 804 2868 „
980 2848 2916 2923 privilegia confirmat, petente Willelmo abbate. Hugo O. P. A. II. Pr. p 165, Doc. e
980 2915 2355 2979 de l'hist. des Vosges III. 2. — „Piae postulatio voluntatis“.
932 2961 2892 3027 13693 (8806) Monasterii S. Mariae Salinae-vallis protectionem suscipit, possessionesque
410 2950 594 3043 „ 26.
713 2954 804 3045 „
978 3014 2892 3082 ac privilegia confirmat, petente H(ezelino) abbate. Hugo O. P. A. II. Pr. p. 454.
983 3074 1765 3144 — „Effectum iusta postulantibus“.
368 3107 596 3197 Oct. 4.
934 3118 2892 3191 13694 (8807) Archiepiscopis, episcopis, comitibus, baronibus, clero et populo Dalmatiae
709 3135 813 3199 „
980 3184 2892 3244 totiusque Sclavoniae, commendat T(heobaldum), subdiaconum suum, legatum aposto-
978 3230 2889 3301 licum. Farlati III. sacr. III. 211, Mon. Hung. hist. I. xI. 144, Migne 200 p. 1273.
983 3294 1444 3361 — „Ordo postulat“.
932 3332 2894 3411 13695 (8808) Monasterii Laetiensis tutelam suscipit, disciplinamque possessiones et pri-
413 3339 596 3416 „ 24.
695 3354 817 3592 „
985 3400 2889 3469 vilegia confirmat, petente Helgoto abbate. Duvivier Recherches p. 625, (Reiffenberg
987 3458 2299 3559 Monuments VII. 642). — „Religiosam vitam eligentibus“.
1142 150 2070 245 ALEXANDER III. 1159—1181.
