3007 3975
662 282 2638 368 1180. (Ind. 13. — 25. Sept. — 14, pont. a. 21. — 20. Sept. — 22, 1179. — 25. Mart. — 1180.)
693 366 2666 441 13696 Monasterii S. Salvatoris in insula maris possessiones et privilegia confirmat.
399 357 634 441 Tusculani
136 348 355 439 Nov. 6.
746 419 1791 485 Archiv. stor. per le prov. Napolit. VIII. 785.
695 470 2668 545 13697 (8809) Monasterii S. Mariae Cicillensis protectionem suscipit, possessionesque ac
176 479 357 552 „ 11.
488 490 581 545 „
748 534 2668 605 privilegia confirmat, petente Pepone procuratore. Mittarelli Ann. Cam. IV. app. p. 95.
748 580 1480 655 — „Piae postulatio voluntatis“.
698 636 2666 708 13698 Monasterii S. Martini Glandariensis patrocinium suscipit, possessionesque et iura
174 647 355 719 „ 15.
483 651 576 722 „
746 689 2664 761 confirmat. In bibl. nat. Paris. Cartul. de St. Martin de Glandiéres ms. lat. 10030.
744 748 1736 821 s. XIV. f. 64. — „Monet nos apostolicae“.
693 803 2664 876 13699 Bonardo abbati S. Mariae Stagnensi bullam dat. Neues Archiv VII. 104. —
174 808 357 881 „ 15.
481 808 563 876 „
744 859 1469 920 „Religiosam vitam eligentibus“.
698 909 2664 984 13700 *Ulrico, abbati Villariensi, privilegium dat. Wauters L'anc. abb. de Villers p. 18,
174 925 357 989 „ 20.
472 914 578 1002 („)
748 965 1882 1035 cf. Chron. Villar. monast. in MG. SS. XXV. 196.
695 1026 2666 1093 13701 Ecclesiae S. Bartholomaei de Caritate tutelam suscipit, possessionesque et privi-
174 1020 357 1110 „ 22.
477 1026 581 1113 „
746 1077 2668 1150 legia confirmat, petente Nicolao praeposito. In bibl. nat. Paris. Coll. Baluze t. 17.
746 1139 1486 1205 f. 2336. — „Quotiens a nobis“.
698 1190 2668 1258 13702 Ecclesiae S. Mariae Digniensis protectionem suscipit, possessionesque ac privi-
187 1199 220 1272 „
488 1183 572 1263 „
748 1249 2406 1309 legia confirmat. (Fragmenta). Gassendi Notitia eccl. Din. p. 57 et 61.
139 1276 357 1380 Dec. 9.
695 1302 2671 1366 13703 Ecclesiae S. Gaugerici Cameracensis tutelam suscipit, possessionesque ac liber-
481 1302 583 1439 „
746 1353 2668 1422 tates confirmat, Balduino praeposito, Alardo decano et canonicis petentibus. Duvivier
748 1406 1990 1479 Recherches p. 630. — „Effectum iusta postulantibus“.
695 1453 2668 1530 13704 Monasterii S. Martiani Dertonensis possessiones et iura confirmat, petente Petro
174 1439 357 1539 „ 18.
481 1433 576 1539 „
746 1517 2096 1585 abbate. Pflugk-Harttung Iter p. 289. — „Quotiens illud“.
695 1572 2668 1638 13705 B(alduino) praeposito, A(lardo) decano et capitulo S. Gaugerici Cameracensis
176 1570 357 1667 „ 23.
479 1576 583 1669 „
748 1634 2668 1693 mandat, ut absentibus canonicis modicam tantum partem fructuum praebendarum tri-
751 1687 2662 1760 buant, reliquum vero inter mansionarios dividant. Pflugk-Harttung Acta I. 278. —
751 1744 1418 1804 „Ad audientiam apostolatus“.
698 1784 2671 1863 13706 In ecclesiae S. Gaugerici Cameracensis canonica, „presbytero tantum vel diacono
178 1793 362 1863 „ 23.
481 1795 583 1932 „
748 1850 2668 1912 conferenda“, illegitime natum institui vetat, „nisi propter praerogativam scientiae aut
751 1908 2671 1972 vitae placeat capitulo circa eum dispensare“. Pflugk-Harttung Acta I. 279. — „Re-
751 1965 1157 2022 latum est nobis“.
698 2000 2673 2080 13707 Compositionem inter R(ogerium) episcopum Cameracensem et Ph(ilippum) co-
181 2000 362 2144 „ 28.
468 2020 578 2089 „
748 2073 2671 2135 mitem Flandriae super praepositura Novi-castelli, mediante W(illelmo) archiepiscopo
748 2124 2671 2192 Remensi, S. Sabinae cardinali, ap. sed. legato factam, confirmat. Pflugk-Harttung Acta
748 2179 1551 2245 I. 279. — „Si quando postulatur“.
698 2230 2671 2307 13708 (8811) *(Roberto) Herefordensi et (Balduino) Wigorniensi episcopis et magistro
748 2290 2668 2356 Petro de Melidis mandat, „ut si (Richardus) archiepiscopus Cantuariensis privilegia,
748 2345 2668 2409 quibus abbas et fratres S. Augustini se ab eius impetitione defendi credunt, velit
748 2402 2671 2466 redarguere falsitatis, ea sibi faciant quantocius exhiberi et fideliter conscribi“. Chro-
751 2460 1886 2521 nica W. Thorn ap. Twysden H. A. SS. II. 1831.
700 2495 2668 2572 13709 (8812) Universis episcopis, abbatibus, aliis ecclesiarum praelatis per Scotiam
748 2568 2666 2630 constitutis, priori, canonicis, clero et populo S. Andreae praecipit, ut quem Alexius,
751 2625 2671 2680 subdiaconus suus, apostolicae sedis legatus, confirmaverit, Iohanni episcopo obediant.
753 2674 2671 2736 Si Willelmus, Scotorum rex, favere Hugoni intruso perrexerit, se sententiam, ab
751 2729 2671 2791 Hugone, episcopo Dunelmensi, prolatam, ratam facturum. Rogeri de Hoveden An-
751 2778 2668 2848 nales 1180 ap. Savile R. A. SS. p. 341, ed. Stubbs II. 209, Mansi XXI. 912,
751 2831 2668 2912 Haddan and Stubbs Councils II. I. 253, Migne 200 p. 1274. — „Comperto nobis,
748 2892 914 2961 quod“.
704 2945 2671 3018 13710 (8813) Willelmo, Scotorum regi, significat, nisi lohanni, episcopo S. Andreae,
755 3001 2671 3071 intra dies 20 „pacem et securitatem“ tribuerit, Rogerum, archiepiscopum Eboracensem,
753 3058 2673 3120 apostolicae sedis legatum, mandato suo et „regnum eius subiecturum interdicto, et
755 3109 2673 3177 excommunicationis sententiam in personam eius prolaturum“. Haec addit: „Pro
755 3168 2671 3233 certo quoque teneas, quod si in tua duxeris violentia perdurandum, sicut laboravimus,
757 3224 2671 3281 ut regnum tuum libertatem haberet, sic dabimus studium, ut in pristinam subiec-
760 3272 2673 3339 tionem revertatur“. Gesta Henrici II., olim Benedicto Petrob. tributa, 1180 ed. Stubbs
757 3323 2671 3398 I. 263, Rogeri de Hoveden Annal. 1180 ap. Savile R. A. SS. p. 342, ed. Stubbs II. 211,
757 3378 2664 3471 Mansi XXI. 914, Haddan and Stubbs Concils II. r. 255, Migne 200 p. 1275. —
757 3436 1126 3537 „Pro pace tua“.
932 128 1855 220 ALEXANDER III. 1159—1181.
2540 143 2671 229 365
