3007 3975
315 156 441 245 366
857 302 2845 388 1180. (Ind. 13. — 25. Sept. — 14, pont. a. 21. — 20. Sept. — 22, 1179. — 25. Mart. — 1180.)
890 379 2858 452 13711 (8814) Ecclesiarum praelatis per Scotiam constitutis praecipit, ut excommunica-
941 443 2852 505 tionis sententiam ab Alexio, subdiacono suo, apostolicae sedis legato, in Hugonem,
941 499 2852 556 ecclesiae S. Andreae invasorem, prolatam observent. Gesta Henrici II., olim Bene-
941 552 2852 611 dicto Petroburg. tributa, 1180 ed. Stubbs I. 265, Rogeri de Hoveden Annal. 1180
938 602 2854 673 ap. Savile R. A. SS. p. 341“, ed. Stubbs II. 210, Mansi XXI. 913, Haddan and
890 708 2852 783 13712 (Matthaeo) episcopo Trecensi gratias agit, quod H(ervei) canonici praebendam,
936 655 2615 719 Stubbs Councils II. I. 254, Migne 200 p. 1275. — „Relatum est nobis“.
945 772 2854 830 (Simone) episcopo Meldensi hoc facere differente, integraverit. Mandat, ipse et
941 825 2856 887 (Guarinus) abbas S. Victoris Parisiensis curent, ut H(erveus) in possessionem prae-
943 876 2856 940 bendae corporalem inducatur neque duorum annorum redditibus defraudetur. Loewen-
938 929 2061 1002 feld Epistolae p. 196. — „Cum pro integranda“.
890 978 2854 1048 13713 Herveo canonico Meldensi praebendam a (Matthaeo) episcopo Trecensi integra-
941 1037 2852 1106 tam confirmat ac privilegia quaedam asserit. Loewenfeld Epistolae p. 197. — „Sacro-
938 1097 1365 1157 sancta (Romana)“.
892 1148 2856 1216 13714 Capitulo Meldensi H(erveum) canonicum commendat, cuius praebendam nuper
936 1205 2852 1278 a Matthaeo episcopo Trecensi integratam esse nuntiat. (Michaeli) decano mandat,
938 1256 2582 1331 ut eum investiat. Loewenfeld Epistolae p. 197. — „Quanto sincerius“.
888 1313 2854 1380 13715 (Ascelinam) abbatissam et sorores Iotrenses rogat, ut Giloni „clerico litterato“
943 1378 2856 1439 praebendam in ecclesia sua assignent. Loewenfeld Epistolae p. 198. — „De provi-
936 1431 1285 1492 sione illorum“.
888 1475 2856 1545 13716 (Bartholomaeum) archiepiscopum, apost. sedis legatum, et canonicos Turonenses
943 1534 2854 1607 rogat, ut magistro Theobaldo domum quandam vacantem concedant. Loewenfeld
941 1590 2454 1667 Epistolae p. 198. Cf. epp. subsequentes. — „Cum dilectus filius“.
852 1645 1045 1753 1180?
890 1746 2856 1817 13717 Decanum (Hugonem) et canonicos Turonenses iam saepius admonitos, ut ma-
943 1817 2856 1872 gistro Theobaldo domum quandam conferant, mandatum apostolicum adhuc contem-
941 1870 2854 1938 psisse miratur; quod ut exequantur, districtius adhortatur. Loewenfeld Epistolae p. 199.
938 1925 1522 1991 — „Attendentes merita“.
890 1967 2856 2038 13718 (A canonicis Turonensibus?) praebendam per biennium rogat pro magistro
945 2025 2854 2093 Theobaldo, qui, ut in scholis theologiae docendae causa remaneret, ultra facultates
941 2082 2850 2155 pecuniam mutuari debuerit. Loewenfeld Epistolae p. 200. — „Iustis peticionibus“.
888 2133 2852 2206 13719 (Rogerum) archiepiscopum Eboracensem, apost. sedis legatum, hortatur, ut fratres
934 2190 2852 2259 Giseburnenses redditibus ecclesiae Burnensis ea, qua adhuc consueverint, libertate
941 2256 2503 2312 frui sinat. Loewenfeld Epistolae p. 200. — „Significantibus nobis“.
890 2301 2854 2369 13720 Fratres Giseburnenses excommunicari vel eorum ecclesiam interdici vetat, sta-
943 2360 2850 2424 tuitque, ut in causis monasterii fratres ad testimonium sine contradictione admittantur.
938 2411 2244 2479 Loewenfeld Epistolae p. 201. — „Iustis postulationibus“.
859 2491 1098 2585 c. 1180.
888 2559 2847 2643 13721 Ecclesiae Cantuariensi subiicit ecclesiam Roffensem „tam in dispositione rerum,
936 2636 2850 2703 quam in substitutione episcopi“, litteris ad Alanum priorem directis. (Fragmentum.)
936 2689 2847 2751 Fifth report of histor. manuscr. p. 432 et 452. — „. . . . sed omnem subiectionem“.
888 2740 2850 2809 13722 Alano, priori Cantuariensi, scribit, sese canonicos eius „a solutione decimarum
938 2789 2850 2862 de hortis, de feno, de herbis pascuorum et de minutiis aliis“ liberare. (Fragmentum.)
938 2853 2543 2923 Fifth report of histor. manuscr. p. 446. — „ . . . . ea propter dilecti“.
890 2901 2852 2972 13723 Parthenonis Wechterswinklensis protectionem suscipit ac disciplinam Cister-
936 2961 2850 3023 ciensem „ante generale concilium“ susceptam, possessiones, privilegia confirmat.
934 3016 2850 3078 Schultes Hist. Schrift. I. 176, ubi bulla clausula privata Alexandro IV. et anno 1260
936 3060 2847 3135 ascribitur; Himmelstein in Arch. d. hist. Ver. f. Unterfranken XV. 135 anno c. 1180
936 3124 2830 3191 eam attribuit; rectene fecerit, affirmare nequeo. — „Religiosam vitam eligentibus“.
855 3188 1186 3290 1159— 1181.
888 3283 2852 3352 13724 (8815) Henricum, Anglorum regem, hortatur, ut Willelmum capellanum, ab eius
941 3341 2847 3407 ministerialibus in carcerem inclusum, dimittat, eique ablata beneficia restituat. Epist.
938 3396 2847 3517 S TAomae ed. Oiles II. 118, ed. Lupus p 485. Rigne soo p. 1976. — „Sienifeatum
941 3460 1199 3548 est nobis“.
1126 147 2048 240 ALEXANDER III. 1159 —1181.
