3007 3975
645 298 974 390 1159 — 1181.
676 364 2638 452 13725 (8816) Henricum Anglorum regem rogat, ut R. flium Henrici civis Cantuarien
726 439 2642 503 sis, ob indignationem regiam exsulantem, ad domum et uxorem reverti permittat.
722 492 2640 552 Gilberti Foliot epist. ed. Giles II. 112, Migne 200 p. 1277. — „Veniens ad nos R.“
676 547 2644 613 13726 (8817) (Henrico) regi Anglorum respondet, R. militi ius patronatus ecclesiae de
731 605 2644 662 Ligurgis (al. Bligurgis, Bligurd.) concedi non potuisse. App. conc. Lat. L. 32, Coll.
726 660 2640 722 Lips. LII. 29, Coll. Cass. LIII. 22, Coll. Bamb. XLV. 22, Comp. I. L. 3. t. 33. c. 26,
724 704 1964 779 (Mansi XXI. 1091). — „Magnificentiae tuae litteras“.
678 768 2644 830 13727 (8818) (Henrico) Anglorum regi scribit, „causam iurispatronatus ita coniunctam
729 814 2644 883 esse spiritualibus causis, quod non nisi ecclesiastico iudicio valeat definiri“. App.
729 883 2638 938 conc. Lat. XLVII. 4, Comp. I. L. 2. t. 1. c. 5, Decr. Greg. L. II. t. 1. c. 3. —
729 934 1568 995 „Quanto te divina“ „Quanto divina“.
678 976 2646 1048 13728 Decano et capitulo cuidam (al. Vocestem) permittit, ut loco B. episcopi depo-
731 1048 2644 1104 siti, impetrato assensu H(enrici) Anglorum regis, alium eligant. Comp. II. L. 1. t. 3.
729 1090 2638 1161 c. 2; sed in Comp. I. L. I. t. 4. c. 5, ex eaque ap. Mansi XXII. 482, Migne 201
729 1146 2087 1210 p. 1375, Lucio III. tribuitur. — „Quia requisistis a nobis“.
678 1199 2644 1272 13729 (8819) Abbatibus S. Albani et Leicestriae mandat, ut ecclesiam de Aleton iu-
731 1258 2644 1322 beant monasterio S. Ebrulfi restitui. App. conc. Lat. XLII. 2, Comp. II. L. 2. t. 18.
729 1318 1877 1384 c. 1, (Mansi XXI. 1095). — „Dilecti filii nostri“.
676 1366 2644 1435 13730 (8820) Plebano et clericis S. Nazarii de Albia (Albareto) scribit de controversia,
729 1419 2644 1495 „quam habuerint in ecclesia Solariae“. Comp. I. L. 2. t. 20. c. 8, Decr. Greg. L. II.
729 1479 2642 1543 t. 28. c. 8. — „Ex ratione“ „Verum post appellationem“ „Verum si appellationem“.
676 1530 2644 1603 13731 (8821) Ecclesiae S. Mariani Altissiodorensis protectionem suscipit, bonaque confirmat,
729 1594 2644 1660 petente Milone abbate. Hugo O. P. A. II. Pr. p. 147. — „Religiosam vitam eligentibus“.
676 1643 2646 1709 13732 (8822) Ecclesiae S. Mariani Altissiodorensis protectionem suscipit, bonaque ac
729 1704 2436 1766 privilegia confirmat. Hugo O. P. A. II. Pr. p. 148. — „Quoties illud a“.
678 1744 2644 1824 13733 (8823) Episcopo Anatensi (al. Abarien. Ambianensi) scribit de sepeliendo quo-
731 1815 2644 1881 dam, qui „in torneamento mortem accepit“, suscepto prius dominico corpore. Comp.
729 1868 2646 1932 II. L. 5. t. 7. c. 1, Decr. Greg. L. V. t. 13. c. 2, Mansi XXI. 1100. — „Ad audien-
729 1916 1080 1987 tiam nostram“.
678 1965 2649 2040 13734 (8824) Episcopo Albiensi mandat, iudicet super paludibus et stagnis quibusdam
731 2031 2649 2095 inter monachos Silvae-maioris et O. quendam vel, si Hierosolymam profectus sit, eius
731 2089 2644 2146 uxorem aut heredes. Comp. II. L. 2. t. 8. c. 1, (Mansi XXI. 1095.) — „Prior et monachi“.
678 2133 2646 2203 13735 (8825) Albiensi (al. Ambianensi) et Bellovacensi episcopis de matrimonio militis
731 2199 2649 2263 cuisdam scribit, mulierem suam capitali odio persequentem. Comp. II. L. 2. t. 7. c. 3,
731 2252 2043 2314 Decr. Gregr. L. II. t. 13. c. 8. — „Ex transmissa nobis“.
680 2292 2651 2371 13736 Monasterii Alcobazensis possessiones et privilegia confirmat. Memorias de litte-
731 2360 1902 2429 ratura Portugueza V. 312. — „Religiosam vitam“.
680 2413 2649 2477 13737 (8826) Episcopo Alphano (Alifano) scribit de „possessionibus, laicis sub modico
733 2466 2651 2535 censu concessis“. App. conc. Lat. XXIX. 7, Coll. Cass. XXVII. 6, Comp. I. L. 1.
731 2517 2651 2590 t. 32. c. 1, L. 3. t. 11. c. 8, Decr. Gregr. L. I. t. 41. c. 1. — „De possessionibus
733 2583 1305 2650 autem“ „Requisivit tua“.
684 2621 2651 2703 13738 *Civibus Anagninis castrum Sculcule concedit. Vide Inventarium in Archivio
733 2683 2649 2751 d. soc. Rom. di stor. patr. VII. 268; eiusdem concessionis mentio fieri videtur in
735 2744 2529 2804 Libro censuum Cencii cam., vide Mélanges d'arch. et d'hist. III. 1883 p. 354.
687 2802 2646 2866 13739 (8827) Abbati et monachis S. Andreae praecipit, ut canonicis de Plaicio (Plautio,
742 2853 2651 2915 Planio) decimas persolvant, subtractasque restituant, si per triginta annos eas solverint.
735 2915 2651 2972 Gilberti Foliot epist. ed. Giles II. 105, App. conc. Lat. XXXVIII. 4, Comp. I. L. 5.
737 2961 2114 3025 t. 28. c. 9, Decr. Greg. L. V. t. 33. c. 6. — „Si de terra“.
689 3021 2651 3080 13740 (8828) Episcopo Andrensi mandat, curet ne in episcopatu suo „clerici ecclesias
737 3076 2653 3135 a parentibus suis fundatas auctoritate propria detineant aut laici filiis vel aliquibus
740 3120 2653 3193 aliis ecclesias ipsas concedant. App. conc. Lat. XV. 15, Coll. Lips. LII. 20, Coll. Cass.
737 3177 2653 3244 LIII. 13, Coll. Bamb. XLV. 13, Comp. I. L. 3. t. 33. c. 18, Decr. Gregr. L. III. t. 38.
740 3235 2649 3299 c. 15, Bibl. Casinensis II. 196. Decretalis fortasse coniungenda est cum 14075. —
742 3286 1217 3350 „Consuluit nos tua“.
693 3339 2653 3427 13741 (8829) Archiepiscopis, episcopis et aliis ecclesiarum praelatis per Angliam con-
742 3400 2651 3460 stitutis interdicit, ne „in monachos quosdam excommunicationis vel interdicti pro-
744 3451 2651 3566 mulgent seutentiam. Coll. Cass. XIX. S. Comp. I. I. S. t. 26. c. 4. — „icet universa loca“.
908 143 1836 236 ALEXANDER III. 1159—1181.
2509 147 2640 231 367
