3007 3975
329 165 459 329 968.
881 315 1206 401 1159—1181.
910 377 2870 459 13742 (8830) Episcopis, archidiaconis et aliis praelatis per Angliam (al. Galliam) con-
963 454 2870 514 stitutis scribit de excommunicandis iis, „qui in monachos vel conversos ordinis cu-
961 501 2870 576 iusdam violentas manus iniecerint“. App. conc. Lat. XIV. 11, Coll. Lips. VII. 12,
961 558 2867 631 Coll. Cass. XIX. 12, Coll. Bamb. VII. 10, Comp. I. L. 5. t. 34. c. 14, Decr. Greg.
908 666 2874 735 13743 (8831) (Archiepiscopis et episcopis per Angliam constitutis) mandat, ut „si qui
961 611 1957 675 L. V. t. 39. c. 9. — „Parochianos autem“.
963 728 2872 786 in fratres Hospitalis Hierosolymitani manus violentas iniecerint, eos publice excom-
961 779 2872 843 municatos denuncient“. App. conc. Lat. XIV. 6, Coll. Lips. VII. 8, Coll. Cass. XIX. 7,
961 832 2573 894 Coll. Bamb. VII. 6, Comp. I. L. 5. t. 34. c. 13. — „Graviter oculos“.
908 881 2872 960 13744 (8832) Archiepiscopis et episcopis per Galliam (al. Angliam) constitutis scribit
961 951 2870 1009 contra eos, qui „occasione laicae recognitionis vel potentiae secularis in seculari foro,
961 995 2872 1066 non requisita episcopi licentia, patronatus ecclesiarum et ecclesiastica beneficia sibi
963 1046 2874 1115 vendicent“. Addit de laicis quibusdam, qui „ecclesias terris et aliis possessionibus
963 1115 2874 1174 spoliant, ut sic viros ecclesiasticos faciant coram saeculari iudice litigare“. App. conc.
958 1159 2872 1230 Lat. L. 33. 34, Coll. Lips. LII. 30, Coll. Cass. LIII. 23, Coll. Bamb. XLV. 23,
961 1223 2878 1289 Comp. I. L. 3. t. 33. c. 27, Decr. Greg. L. III. t. 38. c. 21. — „Relatum est auri-
961 1269 2017 1338 bus“ „Nostris est auribus“ „Ad hoc quoniam“.
908 1316 2874 1389 13745 (8833) Episcopis, archidiaconis et aliis ecclesiarum praelatis per Galliam con-
941 1382 2874 1446 „stitutis scribit, ne fratres Hospitalis Hierosolymitani aut ecclesias eorum interdicant
963 1437 2870 1506 vel excommunicent. App. conc. Lat. XLIV. 7, Coll. Lips. XIII. 5, Coll. Cass. XXIII. 5,
956 1492 2615 1559 Coll. Bamb. XIII. 15. Comp. I. L. 5. t. 28. c. 8. — „Sane quoniam a“.
910 1550 2874 1609 13746 Anglonensi episcopo scribit, ex relatione episcopi Catanensis, de muliere, quae
961 1603 2874 1662 in domum viri redire recuset, quia, licet cum eo per quinquennium permanserit, num-
958 1658 2872 1722 quam amplexum eius pertulerit ac „liquidis possit documentis probare, eundem virum
958 1713 2872 1773 confessum fuisse, quod numquam eam cognovisset, et ad sublevandam impotentiam
958 1768 2867 1824 coeundi consuluisse incantatrices mulierculas et a medicis remedium postulasse“.
961 1826 2874 1885 Coll. Cantabrig. in Cod. colleg. Trinit. Cantabr. R. 9. 17. saec. XII. f. 101. — „Signi-
958 1872 1283 1941 ficavit vobis“.
910 1923 2874 1991 13747 Parthenonis S. Mariae Aquileiensis tutelam suscipit, bonaque et iura confirmat.
969 1983 2246 2047 Wiener Sitzungsber. XCIV. 678. — „Virginibus sacris“.
910 2040 2874 2100 13748 (8834) Episcopo Atrebatensi respondet, sese litem eius cum S. clerico super ob-
961 2095 2874 2157 lationibus quibusdam terminandam commississe Ambianensi et Silvanectensi episcopis.
963 2153 2874 2210 Coll. Lips. XXI. 3, Comp. I. L. 3. t. 26. c. 30, Giraldi Cambr. Gemma eccl. in Opp.
961 2197 2432 2270 ed. Brewer II. 41, Mansi XXI. 1089. — „Plene nobis innotuit“.
908 2248 2874 2320 13749 (8835) Episcopo Atrebatensi (al. Arelatensi) scribit de silva Migrae vallis mo-
963 2312 2874 2378 nachis Caroliloci a canonicis Bellovacensibus reddenda. Coll. Lips. XXXV. 7, Coll.
961 2362 2872 2431 Cass. XLII. 7, Comp. I. L. 3. t. 15. c. 4, Decr. Greg. L. III. t. 17. c. 3. — „Cum
963 2424 1243 2486 dilecti filii“.
910 2464 2874 2544 13750 In ecclesiae Atrebatensis paroecia sine episcopi et capituli assensu ecclesiam
958 2528 2870 2594 aedificari vel divina celebrari vetat. (Quisnam Alexander scripserit hanc et eas, quae
958 2590 2874 2647 sequuntur, epistolas usque ad num. 13760, in cartulario non est indicatum.) In bibl.
961 2636 2728 2700 nat. Paris. Cartul. d'Arras ms. lat. 9930. s. XIII. f. 4. — „Hortatur nos et“.
908 2696 2874 2758 13751 Canonicorum Atrebatensium constitutionem, „ut forinseci canonici tantum medie-
961 2753 2872 2815 tate praebendarum suarum sint contenti, nisi studii vel peregrinationis causa aut in
961 2806 2872 2868 curia papae fuerint absentes“, confirmat. In bibl. nat. Paris. Cartul. d'Arras ms. lat.
963 2855 2823 2921 9930. s. XIII. f. 4“ et 5“. Vide notam ad 13750. — „Decet nos ecclesiasticis“.
908 2910 2874 2976 13752 Capitulo Atrebatensi indulget, ne cui archiepiscopo vel episcopo liceat, indebitas
961 2972 2872 3032 exactiones eis ullo modo imponere. In bibl. nat. Paris. Cart. d'Arras ms. lat. 9930.
958 3023 2501 3089 s. XIII. f. 5. Vide notam ad 13750. — „Tunc officium nostrum“.
908 3067 2874 3146 13753 Canonicis Atrebatensibus permittit, ut si clericus vel laicus in diocesi constitutus
961 3133 2872 3195 decaniam vel altare eis conferre voluerit, donum ipsius recipiant. In bibl. nat. Paris.
958 3188 2872 3246 cart. d'Arras ms. lat. 9930. s. XIII. f. 5b. Vide notam ad 13750. — „Officii nostri nos“.
908 3239 2870 3312 13754 Fratribus S. Vedasti (Atrebatensibus) praecipit, civitate Atrebatensi pro culpa
963 3292 2870 3361 Flandrensis comitis interdicta, ne „excommunicatos vel interdictos episcopi ad divina
961 3347 2870 3414 officia vel ad sepulturas recipiant, sed clausis ianuis, non pulsatis campanis cet., officia
961 3405 2870 3486 celebrent.“ In bibl. nat. Paris. Cart. d'Arras ms. lat. 9930. s. XIII. f. 5B. Vide
963 3467 1950 3570 potam ad 18159. — „Non possumus mon“.
1137 154 2063 251 ALEXANDER III. 1159—1181.
