3007 3975
640 304 969 382 1159—1181.
671 357 2638 459 13755 Canonicorum Atrebatensium privilegia super electione episcopi, decani, praepo-
722 439 2635 501 siti, cantoris confirmat. Alia iura addit. In bibl. nat. Paris. Cart. d'Arras ms. lat.
722 492 2368 560 9930. s. XIII. f. 6. Vide notam ad 13750. — „Apostolicae sedis cui“.
676 547 2640 609 13756 Episcopo Atrebatensi scribit de controversiis inter personas seculares, super
724 596 2640 664 rebus temporalibus litigantes. In bibl. nat. Paris. Cart. d'Arras ms. lat. 9930. s. XIII.
722 660 2118 726 f. 7b. Vide notam ad 13750. — „Quanto personam tuam“.
673 706 2642 772 13757 Canonicorum Atrebatensium statutum, „ut panis et vinum illis tantummodo
724 768 2642 825 distribuatur, qui matutinis vel diurnis officiis interfuerint“, approbat. In bibl. nat.
724 819 2640 887 Paris. Cart. d'Arras ms. lat. 9930. s. XIII. f. 7P. Vide notam ad 13750. — „Audi-
729 878 1124 945 vimus quasi ex“.
676 916 2642 993 13758 Canonicis Atrebatensibus de coercendis ecclesiae malefactoribus privilegium dat.
729 991 2642 1057 In bibl. nat. Paris. Cart. d'Arras ms. lat. 9930. s. XIII. f. 8. Vide notam ad 13750.
729 1046 1400 1101 — „Ex officii nostri debito“.
676 1088 2644 1159 13759 Ecclesiam Atrebatensem a rapinis Symonis de Oysi defendit. In bibl. nat. Paris.
722 1148 2640 1223 Cartul. d'Arras ms. lat. 9930. s. XIII. f. 8. Vide notam ad 13750. — „Ad aures
722 1210 938 1274 nostras“.
676 1252 2644 1320 13760 Canonicorum Atrebatensium possessiones confirmat, statuitque ne census ecclesiis
726 1318 2644 1386 eorum impositi augeantur. In bibl. nat. Paris. Cart. d'Arras ms. lat. 9930. s. XIII.
724 1366 2070 1435 f. 9. Vide notam ad 13750. — „Officium nobis domino“.
676 1424 2642 1492 13761 (8836) Monasterii S. Audoeni protectionem suscipit, ac disciplinam possessiones,
729 1479 2644 1556 privilegia confirmat. Pommeraye Hist. de Labbaye de St. Quen p. 406, Migne 200
729 1539 1493 1601 p. 1277. — „Iustis petitionibus“.
678 1578 2644 1651 13762 (8837) Episcopo Abulensi (leg. Avilensi) scribit de G. presbytero ecclesiae S.
733 1645 2644 1704 Iacobi post appellationem ad apostolicam sedem factam per episcopum Zamorensem
733 1696 2644 1775 excommunicato. Comp. II. L. 2. t. 19. c. 7, Decr. Greg. L. II. t. 28. c. 34. — „Ad
729 1755 1221 1810 audientiam nostram“.
680 1804 2644 1879 13763 (8838) Archiepiscopo Barensi scribit de P. civi Barensi, quem, „cum ipse mu-
733 1863 2644 1923 lierem quandam nomine E. iurasset, desponsasset et cognovisset“, alii mulieri matri-
733 1914 2644 1980 monium iuramento pollicitum esse accusatur. App. conc. Lat. LIX. 55, Coll. Cass.
731 1961 2642 2040 IVIII. 38, Coll. Bamb. LI. 36, Comp. I. L. 4. t. 1. c. 15, (Mansi XXI. 1091). —
733 2027 1212 2095 „Veniens ad nos P.“
682 2071 2649 2144 13764 (8839) Episcopo Bathoniensi mandat, ut quibus rex Scotiae, cum S. comitis „pa-
733 2139 2646 2201 trimonium detineret occupatum, ecclesias concesserit“, eos removeat. App. conc. Lat.
735 2188 2644 2270 XL.VII. 2, Comp. II. L. 3. t. 24. c. 1, (Mansi XXI. 1098.) — „Dilectus filius noster“
731 2241 1323 2305 („Dilectus frater noster“).
682 2296 2649 2373 13765 (8840) Episcopo Bathoniensi quaerenti, utrum iis, „qui infra nubiles annos matri-
735 2358 2651 2418 monii nomine coniunguntur, vel eorum alteri, antequam ad annos aptos matrimonio
735 2413 2651 2473 perveniant, liceat a matrimonio tali discedere“, respondet, legitimam aetatem expec-
740 2473 2653 2535 tandam et tunc matrimonium aut confirmandum aut separandum esse. Comp. I.
667 2502 700 2574 „
726 2515 2262 2590 L. 4. t. 2. c. 10, Decr. Greg. L. IV. t. 2. c. 8. — „A nobis tua“.
684 2572 2653 2636 13766 (8841) Episcopo Bathoniensi mandat, moneat N., ut M. mulieri, „ab eo eccle-
737 2634 2651 2689 siastico iudicio separatae, dotem restituat, aut secundum consuetudinem terrae in
742 2691 2651 2753 praesentia episcopi iustitiae plenitudinem exhibeat“. App. conc. Lat. XXXIII. 2,
737 2733 2653 2804 Coll. Lips. LXIII. 7, Coll. Cass. LXII. 6, Comp. I. L. 4. t. 21. c. 2. — „Ex con-
740 2789 1707 2862 questione M. (al. E.)“ „Ex quaestione M.“
689 2846 2653 2912 13767 (8842) Episcopo Bathoniensi scribit de iis, „qui infra annos aptos matrimoniis
742 2910 2653 2970 contrahendis sponsalia contrahunt“. App. conc. Lat. VI. 29, Coll. Lips. LIX. 40,
740 2963 2655 3027 Coll. Cass. LVIII. 27, Coll. Bamb. LI. 27, Comp. I. L. 4. t. 2. c. 9, Decr. Greg. L. IV.
742 3016 1544 3082 t. 2. c. 7. — „De illis, qui infra“.
693 3062 2655 3131 13768 (8843) Episcopo Bathoniensi scribit, „mulieres vel etiam alias personas, quae sui
744 3122 2655 3184 iuris non sint, ab episcopo dioecesano absolvi posse, si manus in clericum iniecerint
746 3182 2655 3241 violentas“; de his vero, qui „magnae sunt potentiae, et ita delicati, quod laborem
746 3228 2655 3292 veniendi ad sedem apostolicam nequeunt sustinere“, respondet, statum personae prius
746 3288 2655 3345 et veritatem negotii esse intimandam Romano pontifici et secundum consilium eius
746 3343 2653 3405 tales esse de commisso scelere corrigendos. App. conc. Lat. XIV. 12, Coll. Lips.
748 3392 2653 3469 VII. 2, Coll. Cass. XIX. 2, Coll. Bamb. VII. 2, Comp. I. L. 5. t. 34. c. 7, Decr.
742 3451 2361 3544 Greg. I. V. t. 38. e. 6. — „Hulieres vel etiam“ „Mulieres etiam vel“.
174 3478 735 3588 Ra„nta vent. konnn. sd aa n.
2262 3506 2330 3615 4*
905 141 1829 247 ALEXANDER III. 1159—1181.
2509 150 2638 238 369
