3007 3975
326 159 452 258 370
868 309 1201 401 1159—1181.
899 382 2865 457 13769 (8844) Episcopo Bathoniensi scribit, „subdiaconos nulli nisi Romano pontifici li-
952 457 2865 512 cere in dominicis diebus ordinare, quamvis consecrandi Deo dicatas virgines et mi-
952 505 2865 569 nores ordines his diebus habeant licentiam celebrandi“; cet. App. conc. Lat. XXVI.
952 560 2863 631 23, Coll. Lips. XVIII. 1, Coll. Cass. XXIX. 1, Coll. Bamb. XIX. 1, Comp. I. L. 1.
950 611 2459 682 t. 6. c. 1, Decr. Greg. L. I. t. 11. c. 1. — „Subdiaconos autem“.
899 662 2863 739 13770 (8845) Episcopo Bathoniensi (al. Bartholomaeo Exoniensi) respondet, „tam eos,
952 728 2865 788 qui trahantur in causam, quam principales fautores eorum, si manifeste iustitiam
956 781 2865 850 impediant, censura ecclesiastica coercendos esse“. App. conc. Lat. VII. 2, Coll. Lips.
952 830 2863 905 XXXV. 2, Coll. Cass. XLII. 2, Coll. Bamb. XXXIII. 2, Comp. I. L. 1. t. 21. c. 2,
952 883 2220 958 Decr. Greg. L. I. t. 29. c. 1. — „Quia quaesitum est“.
899 938 2863 1013 13771 (8846) Bathoniensi et Exoniensi episcopis scribit haec: „Si aliquis in clericum,
954 1000 2865 1062 nutrientem comam, ignorans quod clericus fuerit, manus iniecerit violentas, propter
952 1051 2863 1115 hoc non debet apostolico conspectui praesentari, nec etiam excommunicatione notari“.
952 1110 2861 1177 App. conc. Lat. XIV. 1, Coll. Lips. VII. 1, Coll. Bamb. VII. 1, Coll. Cass. XIV. 1,
947 1159 2830 1232 Comp. I. L. 5. t. 34. c. 5, Decr. Greg. L. V. t. 39. c. 4. — „Si vero aliquis in“.
899 1216 2865 1285 13772 (8847) Episcopo Bellovacensi respondet, qui „ad confessionem de criminibus
950 1276 2863 1333 conveniunt et quamvis confiteri velint, se tamen asserunt non posse abstinere“, eorum
952 1329 2865 1389 confessionem recipiendam et eis de criminibus consilium exhibendum esse. Comp.
952 1382 2730 1455 II. L. 5. t. 17. c. 3, Decr. Greg. L. V. t. 38. c. 5. — „Quod quidam, sicut“.
901 1435 2865 1503 13773 (8848) Episcopo Bellovacensi (al. Bavarensi, al. Baionensi, al. Baiocensi) respon-
950 1490 2863 1556 det „non licere cuidam cum ea matrimonium contrahere, quam, uxore sua vivente,
952 1543 2865 1618 sibi de facto copulaverit“; „mulierem lepra percussam seu alia gravi infirmate de-
950 1609 2865 1671 tentam non esse a viro propterea separandam“; leprosis „liberum esse ad matrimonium
950 1658 2863 1726 convolare“. App. conc. Lat. VI. 16, XXXVII. 3, Coll. Lips. LIX. 29, LXI. 2, Coll.
947 1711 2865 1779 Cass. LVIII, 17, LX. 2, Coll. Bamb. LI. 16, LIII. 2, Comp. I. L. 4. t. 7. c. 3, L. 4.
950 1762 2863 1832 t. 8. c. 2, Decr. Greg. L. IV. t. 7. c. 3, t. 8. c. 2, (Pflugk-Harttung Iter p. 830).
952 1817 2863 1896 — „Super hoc, quod de“ „Super hoc vero, quod“ „Super eo vero, quod“ Quoniam
945 1877 1657 1947 ex multis“ („Leprosis autem“).
899 1916 2863 2000 13774 (8849) Episcopo Bellovacensi respondet, „si matrimonia ita oculte contrahantur,
950 1994 2865 2055 quod exinde legitima probatio non appareat, eos, qui ea contrahant, ab ecclesia
950 2038 2865 2111 non esse aliquatenus compellendos“ (ad cohabitandum); cet. App. conc. Lat. L. 17,
952 2097 2865 2168 Comp. I. L. 4. t. 3. c. 3, Decr. Greg. L. IV. t. 3. c. 2, t. 17. c. 9. — „Quod no-
947 2153 1140 2214 bis ex“.
901 2192 2865 2279 13775 (8850) Episcopo Bellovacensi respondet de parochianis quibusdam, qui „aecepta
952 2267 2865 2325 pecunia, de parentela inter virum et uxorem exhibent iuramenta, per quae inter
950 2320 2863 2380 ipsos divortii sententia promulgatur, postea vero privatim nullam inter eos consan-
950 2367 2863 2438 guinitatis lineam asserentes, se corruptos muneribus dicunt et testimonium perhibuisse
952 2431 2863 2499 falsitati“; cet. Comp. I. L. 2. t. 13. c. 7, Decr. Gregr. L. II. t. 20. c. 9. — „Sicut
952 2482 1206 2544 nobis est“.
899 2519 2863 2603 13776 Ecclesiae S. Stephani Bituricensis protectionem suscipit possessionesque confirmat,
952 2601 2865 2656 petente Hubaldo decano. In bibl. nat. Paris. Cartul. de Bourges ms. lat. nouv. acqu.
952 2638 2156 2705 1274. s. XIII. f. 13. — „Piae postulatio voluntatis“
901 2698 2865 2767 13777 Canonicis Bituricensibus concedit, ut si archiepiscopus eorum absens fuerit aut
952 2758 2863 2820 ter commonitus facere denegaverit, ipsi malefactores ecclesiae excommunicent. Liber-
950 2813 2865 2875 tates quasdam et immunitates confirmat. In bibl. nat. Paris. Cartul. de Bourges
950 2864 2728 2926 ms. lat. nouv. acquis. 1274. s. XIII. f. 17b. — „Apostolicae sedis auctoritas“.
899 2921 2863 2983 13778 Capituli Bituricensis „iura et dignitates in electione canonicorum“ et alia quae-
952 2974 2861 3043 dam confirmat. In bibl. nat. Paris. Cartul. de Bourges ms. lat. nouv. nouv. acqu.
956 3023 1948 3098 1274. s. XIII. f. 16“. — „Cum circa nos“.
899 3067 2863 3149 13779 Odoni magistro (ecclesiae scholarum) Bituricensi cancellariam asserit eique in-
952 3131 2861 3204 dulget, „ne quis doctoris officium in villa Bituricensi, nisi ab ipso prius licentia
952 3193 2861 3259 fuerit expetita, qualibet levitate audeat exercere, ita tamen ut ab iis, qui docere vel
954 3246 2858 3319 legere voluerint, nullum omnino pretium exigatur“. Loewenfeld Epistolae p. 202.
956 3312 1694 3376 — „Iustis petentium desideriis“.
903 3347 2863 3418 13780 Brohibet, ne scholae Bituricenses vendantur neve quis sine licentia Odonis archi-
952 3409 2858 3526 scholi. in urbe vel suburbiis „legere“ andeat. Loewenteld Epistolae p. 202. — „S
954 3471 1407 3588 quando postulatur“.
1129 152 2054 247 ALEXANDER III. 1159—1181.
