3007 3975
653 298 985 379 1159—1181.
684 359 2662 448 13781 luxta monasterium Bonavallense domos aedificari vetat. In Chartul. Bonaral-
731 432 2311 499 lensi, quod composuit et possidet Ulyxes Chevalier Romanensis p. 3.
689 485 2662 563 13782 Fratres Bonavallenses a solvendis decumis eximit. In Chartul. Bonavallensi,
735 547 2176 618 quod composuit et possidet Ulyxes Chevalier Romanensis p. 3.
684 594 2662 664 13783 (8851) Episcopo et archipresbytero Bononiensi respondet, „si generaliter appel-
737 658 2657 726 lationem quis interponeret, ab omni gravamine, quod sibi posset contingere, huius-
740 711 2657 779 modi appellationem tenere non debere“. App. conc. Lat. L. 54, Coll. Lips. XLVII.
742 768 2655 834 25, Coll. Cass. LI. 23, Coll. Bamb. XLII. 22, Comp. I. L. 2. t. 20. c. 27, Decr. Greg.
737 812 2200 889 L. II. t. 28. c. 18. — „Consuluit nos vestra“ „Super eo, quod“.
687 867 2655 938 13784 Ecclesiae Bracarensis suffraganeis mandat, ne archiepiscopo suo obediant, nisi
740 934 2657 995 ipse primati Toletano debitam reverentiam impenderit. Pflugk-Harttung Iter p. 290.
742 991 1159 1053 — „Dignum est“.
687 1029 2660 1104 13785 (8852) Episcopo Brixiensi (al. Burgensi) respondet de clericis, „qui, cum beneficiis
740 1097 2660 1159 ecclesiasticis multis habundent, nolint ad maiores ordines promoveri, dicentes, se tale
740 1154 2660 1219 quid secreto commisse, quod eos salva conscientia ordinari non sinat“. Comp. II.
737 1205 2293 1263 L. 1. t. 8. c. 1, Decr. Greg. L. I. t. 14. c. 6. — „Quaeris a nobis“.
691 1258 2662 1325 13786 (8853) Episcopo Brixiensi mandat, ut ablata monasterio S. Quirini (Tegernseensi)
742 1309 2602 1380 bona restituenda curet. Pez Thes. anecd. VI. I. 391. — „Significaverunt nobis“.
691 1366 2657 1431 13787 (8854) Episcopo Brixiensi scribit de matrimonio Matthaei et Agolechis mulieris.
744 1419 2657 1492 App. conc. Lat. V. 8, Coll. Lips. LVIII. 8, Coll. Cass. LVII. 9, Coll. Bamb. L. 8,
740 1477 2660 1548 Comp. I. L. 3. t. 28. c. 7, Decr. Greg. L. III. t. 32. c. 7. — „Ex publico instru-
740 1539 934 1598 mento“.
693 1576 2657 1656 13788 (8855) Episcopo Brixiensi de decimis novalium respondet. App. conc. Lat. L. 40,
740 1638 2653 1711 Coll. Lips. XXII. 2, Comp. I. L. 3. t. 26. c. 25, Decr. Gregr. L. III. t. 30. c. 13. —
744 1704 1204 1766 „Quoniam a nobis“.
691 1740 2662 1819 13789 (8856) Archidiacono et capitulo Brundisino scribit, ut V. cuiusdam uxor, in mo-
742 1804 2662 1879 nacharum coetum recepta, viro restituatur. Theineri disqu. crit. p. 431. — „Con-
742 1872 1031 1927 stitutus in“.
691 1905 2660 1989 13790 (8857, 8858, 8859) Archiepiscopo Burdigalensi respondet 1) de milite, „qui ma-
742 1978 2655 2038 trimonium suum accusat, dicens se uxori in quarto gradu consanguinitatis esse“:
746 2033 2657 2091 2) iuvenem, cui puella consanguinea desponsata sit, cogi ad eam ducendam non
746 2086 2660 2150 debere; 3) archidiaconatus duos non licere a G. archidiacono administrari. App. conc.
744 2144 2660 2201 Lat. VI. 30, XII. 6, XXIV. 5, Coll. Lips. XII. 5, LIX. 40, LX. 6, Coll. Cass. XXII. 5,
742 2195 2660 2256 LVIII. 28, LIX. 5, Coll. Bamb. LI. 27, Coll. Luc. ap. Baluze Misc. III. 376, Comp. I.
744 2245 2660 2309 L. 4. t. 19. c. 2, L. 5. t. 27. c. 4, Comp. II. L. 4. t. 8. c. 1, Decr. Greg. L. III.
744 2294 2657 2365 t. 5. c. 14, L. IV. t. 14. c. 2. — „Consuluit nos tua“ „Praeterea de archidiacono“
744 2356 1968 2429 „Braeterea de G.“ „Super eo vero“ „Super eo, quod“.
693 2413 2660 2475 13791 *Scribit „de controversia inter abbatiam b. Mariae de Burgo-medio Blesensi et
742 2468 2660 2532 abbatissam S. Georgii Redonensem super ecclesia S. Crucis de Guingampo, terminanda
746 2524 2657 2597 per archiepiscopum Turonensem“. Auvray Notice sur le ms. Ottobonien 2966 p. 24
744 2585 1517 2636 in Mélanges d'arch. et d'hist. VI.
693 2630 2660 2698 13792 *Statuit, ut redditus, quos canonici ecclesiae b. Mariae de Burgo-medio Blesensi
746 2683 2655 2756 „pauperibus scholaribus Parisiis studentibus“ solvere iuramento tenebantur, in usum
744 2747 2657 2811 canonicorum, „in sacra pagina studentium“ vertantur. Auvray Notice sur le ms.
742 2797 2063 2857 Ottobonien 2966 p. 25 in Mélanges d'arch. et d'hist. VI.
695 2848 2662 2919 13793 (8860) Archiepiscopo- Cantuariensi respondet de matrimonio R. iuvenis et
748 2906 2660 2972 Mariae filiae Gileberti de S. Leodegario. App. conc. Lat. VI. 20, Coll. Lips. LIX.
744 2963 2660 3025 30, Coll. Cass. LVIII. 19, Coll. Bamb. LI. 18, Comp. I. L. 4. t. 1. c. 6, Decr.
742 3016 2662 3080 Greg. L. IV. t. 1. c. 7. — „Ex litteris, quas“ „Quod vero quaesivisti“ „De hoc
740 3069 1069 3138 autem, quod“.
695 3115 2660 3191 13794 (8861) Archiepiscopo Cantuariensi scribit, „si qui sint viri vel mulieres, qui
746 3180 2655 3239 leprae morbum incurrant, uxores, ut viros, et viros, ut uxores sequantur, cogat“.
746 3228 2655 3301 App. conc. Lat. XXXVII. 2, Coll. Lips. LXI. 1, Coll. Cass. LX. 1, Coll. Bamb. LIII. 1,
746 3290 2554 3350 Comp. I. L. 4. t. 8. c. 1, Decr. Greg. L. IV. t. 8. c. 1. — „Pervenit ad nos“.
693 3336 2657 3422 13795 (8862) Archiepiscopo Cantuariensi scribit, ut Renaldo clerico ecclesiam de Dure-
748 3398 2653 3486 fort restituat. Coll. Lips. XXXIX. 6, Comp. II. L. 2. t. 7. c. 1, Decr. Greg. L. II.
751 3458 1780 3559 t. 13. e. 7. — „Conquerente nobis Renaldo“.
2288 3504 2386 3619 41*
938 139 1860 236 ALEXANDER III. 1159— 1181.
2538 145 2664 242 371
