3007 3975
324 170 446 351 51*
863 315 1195 399 1159—1181.
899 373 2863 465 13796 (8864) Archiepiscopo Cantuariensi concedit, ne „sententias iudicum a sese intra
952 461 2863 523 provinciam delegatorum confirmare“ debeat, „si de causis ipsis nil in eius praesentia
952 505 2861 578 sit tractatum“. Coll. Luc. ap. Baluze Misc. III. 374 et 380, App. conc. Lat. XLV. 1,
952 567 2863 629 Comp. II. L. 1. t. 12. c. 1, L. 1. t. 14. c. 1, Decr. Greg. L. I. t. 29. c. 18, Mansi
954 622 2744 682 XXI. 1103 et 1108 et XXII. 482. — „Cum te consulente“ „Si super causa“.
901 671 2867 742 13797 (8865) Archiepiscopo Cantuariensi mandat, praecipiat Hospitalariis, ne „excom-
950 728 2858 792 municatos praesumant tradere Christianae sepulturae“. App. conc. Lat. XXXI. 5. —
952 779 1310 852 „Cum ad hoc“.
899 839 2865 909 13798 (8866) Archiepiscopo Cantuariensi scribit de iure patronatus capellae de Stretton.
958 901 2867 958 App. conc. Lat. XV. 171, XLVII. 1, Coll. Lips. LII. 22, Coll. Cass. LIII. 15, Coll.
954 942 2861 1013 Bamb. XLV. 15, Comp. I. L. 3. t. 33. c. 20, Decr. Greg. L. III. t. 38. c. 16. —
952 1002 1453 1073 „De iure patronatus“.
901 1053 2865 1124 13799 (8867) Archiepiscopo Cantuariensi scribit de lite canonicorum S. Frideswidae et
954 1108 2865 1179 canonicorum de Osenia. App. conc. Lat. X. 32, Coll. Lips. XLVII. 35, Coll. Cass.
954 1170 2865 1232 LI. 32, Coll. Bamb. XLII. 32, Comp. I. L. 2. t. 20. c. 35, (Mansi XXI. 1086). —
956 1227 1491 1283 „Significaverunt nobis“.
908 1272 2870 1340 13800 (8868) Archiepiscopo Cantuariensi scribit, ut magistro la., in ecclesia eius ca-
958 1336 2867 1397 nonice instituto, praebendam tribuat. Comp. I. L. 3. t. 5. c. 11, Decr. Greg. L. III.
954 1393 1816 1448 t. 5. c. 9. — „Relatum est auribus“.
908 1437 2867 1506 13801 (8869) Archiepiscopo Cantuariensi scribit, confirmare se eius sententiam in L.
958 1501 2872 1565 presbyterum prolatam, qui in ecclesia de Oven institutus „canonicum non habuerit
958 1554 2872 1616 ingressum, videlicet quia prius promisisset unicuique parochianorum quinque barillos
961 1612 2872 1671 vini remittere, qui sacerdoti eiusdem ecclesiae ibi pro tempore servienti consuevissent
958 1656 2874 1731 pro beneficio dari“. App. conc. Lat. L. 47, Coll. Lips. I. 12, Comp. I. L. 2. t. 13. c. 9,
958 1724 2306 1775 Decr. Greg. L. II. t. 20. c. 10. — „Veniens ad nos cum“.
905 1766 2874 1835 13802 (8870) Archiepiscopo Cantuariensi mandat, ut „filios clericorum ab ecclesiis, in
958 1832 2874 1894 quibus patres eorum tanquam personae vel vicarii nulla persona intermedia mini-
958 1888 2872 1947 strent, amoveat; eos vero, qui ecclesias, quas patres eorum tenuerint, personis aliis
958 1934 2874 1998 mediis sint adepti, sustineat“. Coll. Luc. ap. Baluzii Misc. III. 374 et 379, App.
958 1996 2874 2058 conc. Lat. L. 60, Comp. II. L. 1. t. 9. c. 1, Decr. Greg. L. I. t. 17. c. 11, Mansi
961 2047 2255 2106 XXI. 1102 et 1105. — „Ad extirpandas“ „Sanctis dei“.
908 2095 2874 2164 13803 (8871) Archiepiscopo Cantuariensi (al. Turonensi, Londinensi) scribit, clericos
961 2157 2874 2221 interdictos aut excommunicatos, qui ante absolutionem divina officia celebraverint,
965 2219 2874 2281 „perpetuae depositionis sententiam incurrere“. App. conc. Lat. XXVI. 7, Coll. Lips.
965 2267 2872 2336 XI. 10, Coll. Cass. XXI. 15, Coll. Bamb. XI. 10, Comp. I. L. 5. t. 23. c. 3, Decr.
961 2325 2041 2389 Greg. L. V. t. 27. c. 3. — „Clerici autem si“.
912 2367 2874 2440 13804 (8872) Archiepiscopo Cantuariensi (al. Rotomagensi) scribit Petrum de Ursiton
965 2438 2874 2493 (al. Neasclea, Neasdem) excommunicatione solvat. App. conc. Lat. XVI. 7, Coll.
961 2475 2874 2550 Lips. XVII. 2, Coll. Cass. XXVIII. 2, Coll. Bamb. XIX. 2, Comp. I. L. 2. t. 17. c. 3,
963 2537 2288 2599 Decr. Greg. L. II. t. 24. c. 7. — „Ad nostram noveritis“.
908 2590 2870 2658 13805 (8873) Archiepiscopo Cantuariensi (al. decano Cicestrensi, al. Forensi et archi-
961 2654 2872 2711 diacono de Bedeford) mandat, ut canonicos de Lamestanter iubeat capellam quamdam
961 2698 2872 2767 iniuste occupatam dimittere. App. conc. Lat. XVII. 2, Coll. Lips. XVII. 5, Coll. Cass.
963 2760 2872 2820 XXVIII. 7, Coll. Bamb. XVIII. 5, Comp. I. L. 2. t. 17. c. 5. — „Insinuatum est nobis“.
910 2815 2872 2877 13806 (8874) Archiepiscopo Cantuariensi mandat, ut archidiaconum de Nortun tueatur
963 2875 2867 2937 ab episcopi iniuris. App. conc. Lat. XXIV. 4, Coll. Lips. XII. 24, Coll. Cass. XXII. 4,
963 2923 2863 2990 Coll. Bamb. XII. 4, Comp. I. L. 5. t. 27. c. 2, Decr. Greg. L. V. t. 31. c. 2. —
963 2985 1433 3040 „Ad haec quoniam“.
912 3027 2872 3096 13807 (8875) Archiepiscopo Cantuariensi et eius suffraganeis mandat, interdicant mo-
961 3085 2870 3151 nachis, „ne villas vel ecclesias recipere ad firmas vel detinere praesumant“. App.
961 3133 2865 3206 conc. Lat. XXVII. 1, Coll. Lips. XIV. 1, Coll. Cass. XXIV. 1, Coll. Bamb. XIV. 1,
963 3199 2156 3257 Comp. I. L. 3. t. 37. c. 4. — „Fraternitati tuae per“.
914 3244 2872 3323 13808 (8876) Archiepiscopo Cantuariensi mandat, episcopum Coventrensem „corrigat et
965 3312 2872 3367 castiget, quod pueris, qui sint infra decennium constitutis, in archidiaconatu R. archi-
963 3358 2872 3420 diaconi Cestrensis ecclesias plures concesserit“. App. conc. Lat. XXV. 1, Coll. Lips.
965 3411 2867 3486 XIX. 1, Coll. Cass. XXX. 1, Coll. Bamb. XX. 1, Comp. I. L. 1. t. 8. c. 3, Decr.
965 3473 2633 3573 Greg. L. I. t. 14. c. 2. — „Bx ratione commissae“ „En commissae tibi“.
1137 165 2054 262 ALEXANDER III. 1159—1181.
