3007 3975
673 289 1003 384 1159— 1181.
704 355 2673 439 13809 (8878) Archiepiscopo Cantuariensi concedit, ut „si eorum, qui ad audientiam
757 432 2675 494 ipsius appellent, possessio turbata fuerit, reformet eam, eo praetermisso, de quo appel-
757 490 2671 552 latio fuerit interposita“. App. conc. Lat. X. 23, Coll. Lips. XLVII. 22, Coll. Cass.
755 534 2671 607 LI. 21, Coll. Bamb. XLII. 20, Comp. I. L. 2. t. 20. c. 23, Decr. Gregr. L. II. t. 28.
757 598 1394 662 c. 17. — „Cum teneamur“.
707 655 2673 713 13810 (8879) Archiepiscopo Cantuariensi scribit de clericis, qui „in domibus suis ha-
757 704 2671 766 bere fornicarias dicantur“. App. conc. Lat. XVIII. 10, Coll. Lips. LXIV. 9, Coll.
757 753 2673 830 Cass. LXIII. 9, Coll. Bamb. LV. 9, Comp. I. L. 3. t. 2. c. 9. — „Cum in Cantua-
755 819 1396 883 riensi“ „Cum in provincia“.
704 861 2671 934 13811 Archiepiscopo Cantuariensi scribit, clericos non debere „iudicum sanguinis agi-
757 920 2673 987 tare vel officium vicecomitis aut praepositi secularis habere“. Addit de iis, qui
757 982 2671 1048 comam et barbam nutriant, cet. App. conc. Lat. XXVII. 4, Coll. Lips. XIV. 4,
755 1031 2668 1097 Coll. Cass. XXIV. 4, Coll. Bamb. XIV. 4, Comp. I. L. 3. t. 37. c. 6, Decr. Greg.
755 1093 2673 1166 L. III. t. 1. c. 7, t. 50. c. 5. — „Clericis in sacris“ „Clericis, qui in“ „Clerici, qui
755 1148 963 1212 comam“.
707 1196 2675 1265 13812 Archiepiscopo Cantuariensi mandat, ut Hugonem de Morton excommunicatione
757 1258 2673 1320 solvat eiusque controversiam cum episcopo Herefordensi super iure patronatus eccle-
755 1313 2523 1378 siarum quarundam determinet. Coll. Lips. LII. 11. — „Significavit H(ugo)“.
702 1360 2675 1428 13813 (8880) Archiepiscopo Cantuariensi et eius suffraganeis scribit, ne a clericis
757 1415 2673 1484 „fornicarias in domibus suis haberi“ patiantur. App. conc. Lat. XVIII. 2, Coll. Lips.
755 1466 2671 1539 LXIV. 2, Coll. Cass. LXIII. 2, Coll. Bamb. LV. 2, Comp. I. L. 3. t. 2. c. 5, L. 3.
753 1523 2673 1605 t. 3. c. 1, Decr. Greg. L. III. t. 2. c. 4, t. 3. c. 1. — „Sicut ad exstirpanda“ „Si
755 1590 1036 1647 qui autem“.
702 1636 2675 1702 13814 (8881) Archiepiscopo Cantuariensi et eius suffraganeis praecipit, ne „deceden-
755 1696 2671 1757 tibus ecclesiarum personis, filios, vel consanguineos, vel alios se in praedictas ecclesias
757 1746 2671 1810 intrudere“ patiantur. Gilberti Foliot epist. ed. Giles II. 63, App. conc. Lat. XXVIII.
757 1799 2671 1868 14, Coll. Lips. XLVII. 33, Coll. Cass. XVIII. 7, Coll. Bamb. XLII. 30, Comp. I. L. 2.
753 1868 2379 1925 t. 20. c. 33. — „Ex crebris querimoniis“ „Ex querimoniis clericorum“.
704 1916 2671 1978 13815 (8882) Archiepiscopo Cantuariensi et eius suffraganeis praecipit, ut „si mani-
755 1967 2671 2038 festum et publicum fuerit, patres ecolesiae personatus gessisse, filios ab eisdem ec-
751 2027 2671 2093 clesiis excludant“. Coll. Cass. XXXIII. 11, Coll. Bamb. XXIII. 10, Comp. I. L. 1.
751 2080 2671 2155 t. 9. c. 12, Decr. Greg. L. I. t. 17. c. 10. — „Quoniam sacris canonibus“ „Quoniam
751 2131 1016 2203 est sacris“.
704 2186 2671 2252 13816 (8883) Archiepiscopo Cantuariensi et eius suffraganeis mandat, interdicat clericis,
757 2248 2671 2307 ne „decedentibus ecclesiarum personis paciscantur, ipsis ecclesiis maiores solitis sol-
760 2305 2668 2362 vere pensiones“. Coll. Lips. XIX. 7, Coll. Cass. XXX. 6, Coll. Bamb. XX. 6, Comp. I.
757 2351 2668 2431 L. 1. t. 27. c. 6, L. 5. t. 2. c. 17, Decr. Greg. L. I. t. 35. c. 6, L. III. t. 39. c. 11.
757 2411 1345 2475 — „Cum clerici vestrae“.
704 2462 2671 2535 13817 (8884) Archiepiscopo Cantuariensi et eius suffraganeis scribit, ne sinant a cle-
755 2517 2668 2581 ricis „ecclesias et ecclesiastica beneficia sine assensu dioecesani episcopi recipi“. App.
753 2579 2668 2643 conc. Lat. XXVIII. 11, Coll. Lips. VI. 4, Coll. Cass. XVIII. 4, Coll. Bamb. VI. 4,
748 2632 2671 2705 Comp. I. L. 3. t. 7. c. 1, Decr. Greg. L. III. t. 7. c. 3. — „Ex frequentibus
748 2685 976 2749 querelis“.
704 2740 2671 2797 13818 (8885) Archiepiscopo Cantuariensi et eius suffraganeis scribit de excommuni-
755 2797 2671 2855 candis iis, qui clericos occidant, vel occidi faciant, aut aliter violentas manus in eos
755 2848 2671 2915 iniecerint“. App. conc. Lat. XIV. 5, Coll. Lips. VII. 7, Coll. Cass. XIX. 6, Coll.
751 2903 2262 2970 Bamb. VII. 5, Comp. I. L. 5. t. 34. c. 12. — „Non sine dolore“.
704 2959 2668 3018 13819 (8886) Archiepiscopo Cantuariensi et eius suffraganeis mandat, videant, ne cle-
753 3016 2666 3078 rici usuras accipiant. App. conc. Lat. XVI. 3, Coll. Lips. IX. 2, Coll. Cass. XX. 5,
751 3060 2664 3140 Coll. Bamb. IX. 2, Comp. I. L. 5. t. 15. c. 4, Decr. Greg. L. V. t. 19. c. 2. —
751 3115 1277 3177 „Quoniam non solum“.
700 3171 2666 3237 13820 (8887) Archiepiscopo Cantuariensi et eius suffraganeis scribit, ne cuiquam, „infra
757 3228 2668 3290 XIIII. annum constituto personatus cuiuslibet ecclesiae concedant“. App. conc. Lat.
755 3277 2666 3345 XXV. 2, Coll. Lips. XIX. 2, Coll. Cass. XXX. 2, Coll. Bamb. XX. 2, Comp. I. L. 1.
748 3330 2149 3405 t. 8. c. 4, Decr. Greg. L. I. t. 14. c. 3. — „Indecorum est“.
704 3387 2668 3456 13821 (8888) Archiepiscopo Cantuariensi et eius suffraganeis mandat, cogant parochianos
753 3447 2664 3559 suos, „ut de proventibus molendinarum et piscariarum. de lana et focno decimas
901 141 1820 242 ALEXANDER III. 1159—1181.
2547 139 2677 240 373
