3007 3975
318 152 448 251 374
866 309 1193 408 1159—1181.
943 368 2856 457 ecclesiis, quibus debeantur, persolvant“. Gilberti Foliot epist. ed. Giles II. 65, App.
945 448 2858 518 conc. Lat. IV. 2, Coll. Lips. XXII. 1, Coll. Cass. XXXIV. 1, Coll. Bamb. XXIV. 1,
943 501 2856 578 Comp. I. L. 3. t. 26. c. 2, Decr. Greg. L. III. t. 30. c. 5. — „Pervenit ad nos,
945 560 1109 616 quod“.
897 600 2863 680 13822 (8889) Archiepiscopo Cantuariensi et eius suffraganeis scribit, ut in ecclesiis
947 669 2858 733 aliqua de causa vacantibus oeconomos ponant. App. conc. Lat. XV. 21, Coll. Lips.
950 719 2858 790 XXXII. 5, Coll. Cass. XLI. 5, Coll. Bamb. XXXII. 5, Comp. I. L. 1. t. 23. c. 5,
947 777 2752 836 Decr. Greg. L. I. t. 31. c. 4. — „Cum nos plerumque“ „Cum vos plerumque“.
897 825 2858 898 13823 (8890) Archiepiscopo Cantuariensi et eius suffraganeis respondet de iis, „qui,
950 892 2858 951 uxoribus relictis, concubinis adhaerere non dubitent, et errorem suum ac temeritatem
950 945 2865 1011 tueri per appellationis obstaculum nitantur“. App. conc. Lat. X. 20, Coll. Lips.
950 998 2863 1060 XLVII. 20, Coll. Cass. LI. 19, Coll. Bamb. XLII. 18, Comp. I. L. 2. t. 20. c. 21.
950 1057 1559 1113 — „Relatum est auribus“.
899 1106 2865 1174 13824 (8891) Archiepiscopo Cantuariensi et episcopo Cicestriensi scribit de causa A.
945 1154 2324 1232 presbyteri. App. ronc. Lat. VIII. 20. — „Retulit nobis A.“
899 1219 2861 1278 13825 (8892) Archiepiscopo Cantuariensi et episcopo Wigorniensi praecipit, ut N. ec-
945 1269 2814 1338 clesiam quandam restituant. App. conc. Lat. XXII. 13. — „Praecipimus, ut N.“
899 1322 2863 1386 13826 (8893) Archiepiscopo Cantuariensi et episcopo Wigorniensi (al. abbati Rivallis
952 1386 2861 1442 et priori de Bridi) mandat, ut controversiam inter monachos de H. et moniales de
950 1426 2858 1503 Leden. diiudicent. App. conc. Lat. VII. 5, Coll. Lips. XL. 4, Coll. Cass. XLVI. 3,
947 1492 2856 1556 Coll. Bamb. XXVII. 3, Comp. I. L. 2. t. 10. c. 3, Decr. Greg. L. II. t. 8. c. 1. —
950 1545 1414 1614 „Dilecti filii nostri“.
905 1601 2858 1667 13827 Sententias inter fratres S. Augustini Cantuarienses et Soldanum, laicum quendam,
947 1660 2858 1722 eiusque filium a Londonensi episcopo latas corroborat. Hist. mon. S. Aug. Cant.
947 1711 1796 1779 p. 434. — „Suggestum est auribus“.
899 1760 2858 1832 13828 Fratribus monasterii S. Augustini Cantuariensis asserit capellam de Sobdedon,
950 1813 2861 1888 a Roberto, quondam episcopo Herefordensi, donatam et a G. eius successore robo-
947 1879 2653 1934 ratam. Hist. mon. S. Aug. Cant. p. 435. — „Iustis petentium desideriis“.
897 1925 2858 1991 13829 (8894) Universis monachis et canonicis regularibus per Cantuariensem provinciam
945 1983 2861 2047 constitutis praecipit, „ut in ecclesiis, in quibus praesentationem habeant, cum vaca-
950 2044 2863 2111 verint, dioecesanis episcopis clericos idoneos praesentent, qui illis de spiritualibus, et
947 2091 2856 2157 iis de temporalibus debeant respondere“. Gilberti Foliot epist. ed. Giles II. 68, App.
945 2150 2856 2219 conc. Lat. XV. 24, Coll. Lips. LII. 28, Coll. Cass. LIII. 21, Coll. Bamb. XLV. 21,
943 2195 2092 2274 Comp. I. L. 3. t. 32. c. 3. — „Cum deceat nos“.
897 2259 2861 2320 13830 (8895) Episcopo Crapulano (leg. Caprulano) respondet de „sublatione appella-
947 2320 2856 2376 tionis“. Coll. Lips. XLVII. 17, Comp. I. L. 2. t. 20. c. 26, (Mansi XXI. 1086). —
947 2365 1584 2429 „Quaesivisti ab apostolatu“.
897 2409 2861 2484 13831 (8896) Episcopo Capuano (al. Capitulano, al. Caprario) et abbati S. Luciae et
947 2482 2858 2544 priori S. Crucis mandat, iudicent inter N. et O. monachos „super electione de utroque
950 2539 2856 2597 facta“. App. conc. Lat. VIII. 2, Coll. Lips. XLIII. 2, Coll. Cass. XLVIII. 1, Coll.
945 2583 2852 2652 Bamb. XXXIX. 1, Comp. I. L. 2. t. 13. c. 10, Decr. Greg. L. II. t. 20. c. 11. —
950 2645 1520 2705 „Causam, quae inter N.“
897 2691 2858 2760 13832 (8898) Episcopo Carnotensi scribit, compositionem apud iudicem extraordinarium
943 2756 2854 2815 factam, nisi sit iuri contraria, a loci episcopo non esse aliquatenus reprobandam.
950 2806 2854 2870 App. conc. Lat. XXVIII. 10, Coll. Lips. VI. 3, Coll. Cass. XVIII. 3, Coll. Bamb.
950 2859 2856 2923 VI. 3, Comp. I. L. 1. t. 27. c. 5, Decr. Greg. L. I. t. 36. c. 5. — „De cetero no-
947 2919 1354 2983 veris (noveritis)“.
894 2963 2856 3034 13833 (8899) Episcopo Carnotensi (al. Tornacensi) mandat, statuat, ne „ecclesiasticae
945 3027 2856 3091 personae episcopatus de his, quae iis de bonis ecclesiarum proveniant, condant testa-
947 3085 2856 3140 mentum“. Coll. Lips. XVI. 6, Coll. Bamb. XVI. 7, Coll. Cass. XXVII. 7, Comp. I.
945 3127 2578 3195 L. 3. t. 22. c. 8, Decr. Greg. L. I. t. 9. c. 4. — „Admonet nos cura“.
897 3186 2854 3252 13834 (8900) Episcopo Carnotensi (corr. archiepiscopo Cantuariensi) scribit de causa G.
945 3246 2852 3316 clerici et abbatissae de Helenostove ac H. clerici. App. conc. Lat. IX. 22. —
947 3301 1511 3361 „Ex litteris venerabilis“.
894 3345 2856 3414 13835 (8901) Episcopo Carnotensi (al. archiepiscopo Cantuariensi) de delegatis iudici-
947 3411 2854 3471 bus respondet. App. conc. Lat. VII. 20, Coll. Lips. XXXV. 20, XLV. 6, XLVII. 31,
943 3460 2852 3577 Coll. Cass. XIsIi. 21. XI-IX. 9. II. 28. Coll. Bamb. XXXIdl. 20. XI. 8. XLIl. 28.
1129 152 2052 256 ALEXANDER III. 1159—1181.
