3007 3975
656 309 985 399 1159— 1181.
737 368 2655 457 Comp. I. L. 1. t. 21. c. 16, L. 2. t. 20. c. 31, I. 2. t. 14. c. 5, Decr. Greg. L. I.
742 446 2653 518 t. 29. c. 11, L. II. t. 28. c. 21. — „Sane quia nos“ („De testibus non“ „Quaestioni,
737 505 934 563 quam“).
687 549 2655 624 13836 In monasterio S. Petri Carnotensi aliquid sine fratrum assensu alienari vetat.
740 609 2333 673 Autogr. in bibl. nat. Paris. ms. lat. 9222. — „Si quando postulatur“.
687 669 2657 728 13837 Clericos ad ecclesias monasterii S. Petri Carnotensis praesentatos infra annum
737 724 2527 781 ordinari iubet. Autographum fere illegibile in bibl. nat. Paris. ms. lat. 9222.
689 772 2653 839 13838 (8902) Abbati Casinensi mandat, ut de matrimonio quorundam iudicet. App.
740 823 2655 896 conc. Lat. VI. 32, Coll. Lips. LIX. 46, Coll. Cass. LVIII. 30, Coll. Bamb. LI. 29,
735 881 2573 945 Comp. I. L. 4. t. 14. c. 2, Decr. Greg. L. IV. t. 14. c. 1. — „Ex litteris tuis“.
689 938 2657 1004 13839 *Domum hospitalem Castridunensem a solvendis animalium et novalium de-
737 998 2657 1057 cumis eximit, litteris Iulduino magistro directis. (Editoris nota: „1164?“ sine dubio
737 1046 2273 1117 falsa est.) Inventaire-sommaire des arch. hospitalières p. 2. n. 41.
684 1097 2657 1168 13840 (8903) Episcopo Catelano (leg. Castellano i. e. Veneto) iam iterum mandat, ut
737 1163 2655 1223 Cassiotae abbatissae S. Zacariae „munus benedictionis impendat“. Coll. Luc. ap. Ba-
740 1216 2653 1287 luzii Misc. III. 380, Coll. Lips. I. 17, Comp. II. L. 5. t. 1. c. 2, Decr. Greg. L. V.
740 1265 1959 1333 t. 1. c. 13, Mansi XXI. 1108. — „Meminimus iam“.
687 1327 2655 1393 13841 (8905) Episcopo Cenomanensi scribit de F. subdiacono, qui uxorem duxerit.
740 1375 2644 1446 App. conc. Lat. L. 59, Comp. I. L. 4. t. 6. c. 2, Decr. Gregr. L. IV. t. 6. c. 2. —
742 1442 1387 1503 — „Ex litterarum tuarum“.
687 1486 2653 1554 13842 (8904. 8906. 8907. 8908) Episcopo Cenomanensi respondet, 1) statutum esse,
740 1539 2657 1607 ut clerici, „in remotis regionibus ordinati, ad minus quinque episcoporum testimonio
740 1603 2655 1665 super ordinatione sua muniantur“; 2) de laicis, qui „pro violenta manuum iniectione
740 1656 2655 1715 in clericum vinculo excommunicationis sint astricti“, absolvendis; 3) de praesen-
740 1713 2657 1771 tatione presbyteri; 4) haec: „Ecclesiis, quas de novo episcopus de manibus lai-
740 1768 2653 1835 corum eripuit, praeter cathedraticum et iura omnia, quae aliis ecclesiis imponuntur,
742 1821 2653 1883 non videmus exactionem imponendam“. Addit, „clericos de mobilibus, quae per ec-
742 1883 2655 1943 clesias sint adepti, de iure testari non posse“. App. conc. Lat. II. 8, XIV. 13,
746 1923 2655 1998 XXVI. 20, XLVII. 3, Coll. Lips. VII. 13, XI. 19. 20. 21, Coll. Cass. XIX. 13,
744 1980 2655 2049 XXI. 28. 29. 30, Coll. Bamb. VI. 11, XI. 19, Comp. I. L. I. t. 14. c. 1, L. 1. t. 21.
742 2036 2653 2104 c. 20, L. 3. t. 34. c. 10, L. 5. t. 34. c. 16, Decr. Greg. L. I. t. 22. c. 1, L. I.
740 2086 2655 2164 t. 29. c. 15, L. III. t. 26. c. 8, L. III. t. 39. c. 9, L. V. t. 39. c. 11. — „Tua
740 2148 2653 2217 nos duxit“ „De cetero noveris“ „Super eo, quod subiungere“ „Super eo autem“
744 2208 2655 2276 „Super eo vero“ „Ecclesiis autem quas“ „Ad haec praesentibus“ „Ad hoc praesen-
737 2252 901 2325 tibus“.
689 2307 2657 2382 13843 (8910) Episcopo Cestriensi scribit de simoniacis clericis removendis. App. conc.
740 2362 2657 2431 Lat. II. 15, Coll. Lips. I. 4, Coll. Cass. XIII. 4, Coll. Bamb. I. 4, Comp. I. L. 5. t. 2.
740 2418 2271 2482 c. 12, Decr. Greg. L. V. t. 3. c. 13. — „Insinuatum est auribus“.
691 2477 2653 2544 13844 (8911) Decano Cicestriensi (al. Cassiensi) scribit de controversia W. et E. cle-
740 2526 2653 2601 ricorum. App. conc. Lat. VIII. 14, Coll. Lips. XLIII. 14, Coll. Cass. XLVIII. 11,
740 2588 2657 2656 Coll. Bamb. XXXIX. 11, Comp. I. L. 2. t. 16. c. 11, Decr. Greg. L. II. t. 23. c. 10.
744 2645 2322 2703 — „Litteras Exoniensis“ („Qui veri similitudinem“ Quia verisimile“).
687 2694 2653 2760 13845 (8912) Decano Cicestriensi scribit de finali eius cum archidiacono controversia,
742 2760 2655 2822 super terminis praebendarum quarundam in villis agitata. App. conc. Lat. XXXVIII. 2,
740 2809 2655 2877 Comp. I. L. 2. t. 12. c. 2, Decr. Greg. L. II. t. 19. c. 3. — „Ex litteris tuae“ „Ex
740 2855 1524 2919 litteris vestrae“ „Ex litteris tuis“.
691 2910 2655 2979 13846 (8913) Abbati et fratribus de Cumir. (al. abbati et fratribus Cisterciensibus, al.
740 2974 2653 3034 Cumanensibus, al. de Rival.) concedit, „ut si contra eos super decimis vel aliis, quae
742 3027 2655 3087 ordini eorum specialiter apostolica sedes indulserit, non facta mentione Cisterciensis
742 3082 2653 3142 ordinis litterae fuerint a sede apostolica impetratae, eis minime teneantur respon-
744 3142 2653 3202 dere“. App. conc. Lat. XLI. 4, Comp. II. L. 1. t. 2. c. 1, Decr. Greg. L. I. t. 3.
744 3186 1327 3246 c. 6. — „Cum ordinem“.
693 3237 2653 3316 13847 (8914) Abbates ordinis Cisterciensis reprehendit, quod „aliqui ex iis primae
746 3294 2653 3365 institutionis obliti penitus vel ignorantes, contra ordinis regulam, villas, molendina,
744 3352 2653 3414 ecclesias et altaria possideant, fidelitates et hominia suscipiant, iustitiarios et tribu-
746 3411 2649 3486 tarios teneant“. App. conc. Lat. XLIX. 15, Comp. II. L. 3. t. 22. c. 2, Decr. Greg.
748 3462 1897 3568 I. III. t. 85. e. 9. — „Recelentes, qualiter haec“.
925 156 1853 251 ALEXANDER III. 1159— 1181.
2529 161 2657 245 375
