3007 3975
326 174 455 265 376
877 313 1199 404 1159— 1181.
910 379 2872 465 13848 (8915 Abbatibus Cisterciensis ordinis per Angliam constitutis concedit, ut „si
954 454 2865 518 quis sepulcrum dominicum vel alia limina sanctorum proposuerit visitare, et infirmi-
956 512 2865 567 tate vel alia rationabili causa occurrente, apud eos religionis habitum assumere vo-
956 563 2865 629 luerit, libere eum recipiant“. Comp. II. L. 3. t. 21. c. 2, Decr. Greg. L. III. t. 34. c. 4.
958 618 1497 686 — „Scripturae sacrae“.
908 669 2867 737 13849 (8916) Episcopis, archidiaconis, et aliis ecclesiarum praelatis per Galliam scribit,
958 724 2867 790 ne „conversos ordinis Cisterciensis sine licentia abbatum per episcopatus suos recipi
961 786 2870 850 permittant“. App. conc. Lat. XXVII. 6, Coll. Lips. XXVII. 6, Coll. Cass. XXV. 2,
958 841 2786 896 Comp. I. L. 3. t. 27. c. 2, Decr. Greg. L. III. t. 31. c. 7. — „Non est vobis“.
910 889 2870 956 13850 (8917) Omnes episcopos hortatur, ne fratres Cistercienses „ad synodum et ad
958 951 2854 1009 concilium cogant venire“. Comp. II. L. 3. t. 22. c. 3. — „Dilectos filios nostros“.
908 998 2870 1071 13851 (8918) Episcopis quibusdam mandat, interdicant archidiaconis, decanis et pres-
958 1060 2870 1117 byteris, „ne in famulos vel mercenarios fratrum Cisterciensium, pro eo, quod quibus-
961 1110 2870 1172 dam diebus laborent, quos alii solemnes habeant, vel excommunicationis vel interdicti
956 1157 2867 1225 sententiam ferant“. Comp. II. L. 2. t. 5. c. 1, Mansi XXI. 1094. — „Significantibus nobis“.
908 1221 2872 1287 13852 Quibusdam interdicit, ne pro observatione privilegiorum a sede apostolica in-
958 1269 2872 1336 dultorum in mercenarios ordinis Cisterciensis interdicti vel excommunicationis sen-
958 1325 2653 1386 tentiam pronuntient. Comp. II. L. 3. t. 22. c. 4. — „Quanto nos fidem“.
910 1389 2874 1453 13853 Monasterii cuiusdam ordinis Cisterciensis privilegia quaedam confirmat. Comp. II.
961 1433 1824 1501 L. 3. t. 22. c. 5. — „Si qua libera“.
908 1488 2872 1552 13854 (8919) Magistro Fidaritio Civitatensi (al. Fidantiae canonico Civit.) mandat, ne
965 1550 2872 1609 T. puerum, „si ante consummationem XIIII. anni susceptum habitum deposuerit, ab
961 1607 2872 1662 impetitione heremitarum de Monte Foliano penitus absolutum denunciet“. App. conc.
967 1660 2874 1720 Lat. XXI. 1, Coll. Lips. XVI. 1, Coll. Cass. XXVI. 1, Coll. Bamb. XVI. 1, Comp. I.
965 1709 2870 1784 L. 3. t. 27. c. 8, Decr. Greg. L. III. t. 31. c. 8. — „Ad nostram noveris“ „Ad
961 1766 1453 1826 audientiam nostram“.
912 1819 2872 1883 13855 (8920) Episcopo Claromontano mandat, ut I. epistolae latoris patrem, „qui mo-
963 1883 2874 1938 riens sepulturam ecclesiasticam habere nequiverit“, in coemeterio sepeliri iubeat.
965 1923 2867 1996 App. conc. Lat. XXXIV. 2, Coll. Lips. VIII. 2, Coll. Cass. XX. 2, Coll. Bamb. VIII. 2,
961 1983 2865 2058 Comp. I. L. 5. t. 14. c. 6, Decr. Greg. L. V. t. 17. c. 5. — „In litteris tuis, quas“
961 2044 1436 2108 „Litteris tuis, quas“.
908 2089 2872 2164 13856 (8921) Episcopo Consentino interdicit, ne diaconum quendam „sine licentia summi
961 2146 2870 2219 pontificis ad superiorem gradum ascendere permittat“. App. conc. Lat. XXVI. 12,
961 2206 2870 2274 Coll. Lips. XI. 13, Coll. Cass. XXI. 17, Coll. Bamb. XI. 12, Comp. I. L. 5. t. 10. c. 9,
961 2263 2330 2325 Decr. Greg. L. V. t. 12. c. 8. — „Continebatur in litteris“.
914 2312 2872 2378 13857 (8922) Episcopo Coventriensi et abbati Cestriensi mandat, interdicant R. archi-
961 2365 2872 2431 diacono Cestriensi, ne „clericos sive laicos, qui pro suis excessibus puniendi sint,
963 2422 2872 2491 pecuniaria poena mulctent“ cet. App. conc. Lat. II. 11, Coll. Lips. IV. 4, Coll.
961 2479 2872 2546 Cass. XVI. 4, Coll. Bamb. III. 4, Comp. I. L. 5. t. 32. c. 4, Decr. Greg. L. I. t. 23.
958 2528 1634 2592 c. 6. — „Mandamus, ut ex“.
912 2577 2874 2647 13858 (8923) Episcopo Coventriensi et priori de Thevilla (Chiville) de controversia
961 2645 2872 2705 P. clerici et R. presbyteri, super ecclesia S. Mildeburgae de Millesan agitata. Comp II.
958 2691 2463 2758 L. 2. t. 18. c. 3, Mansi XXI. 1096. — „Causam, quae vertitur“.
910 2744 2872 2822 13859 (8924) Episcopo Coventriensi et eius officialibus interdicit, ne a fratribus de
961 2809 2872 2870 Pipennella, „qui sint Cisterciensis ordinis, de laboribus, quos propriis manibus aut
961 2859 2870 2926 sumptibus excolant, decimas exigant“. App. conc. Lat. XIII. 8, Coll. Lips. XXIII. 13,
961 2910 2867 2981 Coll. Cass. XXXV. 9, Coll. Bamb. XXV. 9, Comp. I. L. 3. t. 26. c. 13, Decr. Greg.
961 2972 2114 3034 L. III. t. 30. c. 12. — „Ad audientiam nostram“.
910 3023 2874 3089 13860 (8925) Episcopo Cremonensi commendat B., qui de calice ecclesiae detento poe-
961 3082 2870 3149 nitentiam egerit. Coll. Cass. XXI. 21, Comp. I. L. 5. t. 26. c. 7, Decr. Greg.
961 3131 1875 3204 L. V. t. 18. c. 5. — „Ex litteris tuis“.
912 3184 2867 3255 13861 *Monachos S. Cucuphatis Octavienses ut abbati obediant hortatur. Neues Archiv
965 3244 1179 3303 VI. 301.
910 3292 2870 3363 13862 (8926) Episcopo Cusano (al. Consano, Constantio) scribit, ut R. de Lantino ad
961 3354 2870 3414 restituendas decumas per sex annos subtractas cogat. App. conc. Lat. IV. 1, Coll.
963 3405 2865 3484 Lips. XXII. 7, Coll. Cass. XXXIV. 4, Coll. Bamb. XXIV. 4, Comp. I. L. 3. t. 26.
965 3464 1760 3564 c. 5. — „Iutelleximus ex litteris“.
1135 159 2059 258 ALEXANDER III. 1159—1181.
