3007 3975
642 295 967 390 1159— 1181.
669 353 2638 446 13863 (8927) Abbati Dalonensi et priori de Artigia mandat, iudicent inter P. Gaufredi
720 439 2635 499 et canonicos S. Luviani, super „stallo in choro et loco in capitulo“ litigantes. Comp. I.
720 485 2198 552 L. 1. t. 5. c. 3, Decr. Greg. L. I. t. 9. c. 2. — „Cum inter P.“
669 545 2638 607 13864 (8928) E. praepositum Dietrami-Cellae monet, ut abbati Tegernseensi „super
720 600 2638 662 ecclesia in fundo illius fundata secundum antiquam et rationabilem consuetudinem in
720 651 2591 715 temporalibus respondeat“. Pez Thes. anecd. VI. I. 396. — „A felicis memoriae“.
669 706 2638 775 13865 (8929) Abbati S. Petri de Diva scribit, ut, „si quilibet subditorum, ne pro suis
722 768 2638 828 excessibus corrigatur, ad remedium appellationis convolaverit, non minus eum cor-
722 821 2635 889 rigat“. App. conc. Lat. X. 4, Coll. Lips. XVII. 3, Coll. Cass. LI. 3, Coll. Bamb.
724 876 2638 942 XLII. 2, Comp. I. L. 2. t. 20. c. 3, Decr. Greg. L. II. t. 28. c. 3. — „Ad nostram
720 927 934 995 noveris“.
671 969 2642 1048 13866 Hugoni, abbati Dunacensi, nuntiat, sese archiepiscopum Toletanum reverenter
722 1042 2638 1101 excepisse eique „pristinam plenam dignitatem indulsisse“, primatumque ac pallium
722 1097 2635 1159 concessisse. (Epistola suspecta mihi videtur). Pflugk-Harttung Acta III. 282. —
722 1150 1458 1214 „Venerabilem fratrem nostrum“.
671 1190 2640 1267 13867 (8930) Hugoni, episcopo Dunelmensi, praecipit, ut Willelmo de Hecgesclivia
722 1263 2640 1322 quam Guido nepos locelini de Bailol abstulerit, ecclesiam reddendam curet. Epist.
722 1318 2023 1373 S. Thomae ed. Giles II. 92. — „Significatum est nobis“.
671 1366 2640 1431 13868 (8931) Episcopo Dunelmensi scribit, „si abbas vel prior a capitulo de ratihabi-
722 1419 2638 1486 tione litteras habuerit, transactionem, quam fecerit, si fuerit aliquot annis servata,
722 1475 2642 1552 capitulum non posse revocare“. Clericos et monachos, „ubi episcopalis auctoritas
722 1534 2640 1592 non accesserit, per litteras (laicorum) non posse ecclesias optinere“. App. conc. Lat.
698 1581 2640 1656 „XXVIII. 5, Coll. Lips. V. 4. 5, Coll. Cass. XVII. 4. 5, Coll. Bamb. V. 4, Comp. I.
724 1643 2638 1718 L. 1. t. 27. c. 3, L. 3. t. 33. c. 28, Decr. Greg. L. I. t. 36. c. 3. — „Contingit inter-
722 1696 1389 1764 dum“ „Super eo vero quod“.
671 1742 2642 1813 13869 (8932) Episcopo Dunelmensi respondet, „filios sacerdotum, nisi in monasterio
729 1808 2640 1868 vel canonica regulari, si probatae vitae fuerint, ad diaconatum vel sacerdotium de-
724 1861 2640 1932 bere admitti“. App. conc. Lat. XXIX. 2, Coll. Cass. XXXIII. 2, Coll. Bamb. XXIII. 2,
722 1919 1829 1985 Comp. I. L. 1. t. 9. c. 5. — „Quod super his“.
676 1965 2642 2033 13870 (8933) Episcopo Dunelmensi scribit de iis, qui appellationes ad sedem aposto-
726 2027 2642 2089 licam factas calliditate vel fraude eludere nitantur. App. conc. Lat. X. 19, Coll.
729 2080 2638 2153 Lips. XLVII. 19, Coll. Cass. LI. 18, Coll. Bamb. XLII. 17, Comp. I. L. 2. t. 20. c. 20,
724 2128 2118 2206 Decr. Greg. L. II. t. 28. c. 15. — „Suggestum est auribus“.
678 2188 2642 2252 13871 *Confirmat „quitacionem exactionum in presbyteris Dunensibus ab episcopo Car-
726 2245 2640 2318 notensi et archidiacono Dunensi factarum“. Auvray Notice sur le ms. Ottobonien
729 2301 1844 2360 2966 p. 23 in Mélanges d'archéol. et d'hist. VI.
680 2358 2642 2418 13872 (8934) Abbatibus S. Eadmundi et de Ramesereia (al. Ramesia, Mescia) scribit
729 2409 2642 2473 de matrimonio Emmae et Andreae, qui „contra iuramentum praestitum“ mulierem et
726 2468 2642 2535 filios ex ea procreatos reliquit. App. conc. Lat. VI. 25, Coll. Lips. LIX. 36, Coll.
729 2526 2642 2581 Cass. LVIII. 24, Coll. Bamb. LI. 43, Decr. Greg. L. IV. t. 1. c. 9. — „Ex parte
731 2572 2090 2645 Emmae“ „Ex parte N.“ „Ex parte C.“ „Ex parte Eminae“.
678 2625 2642 2691 13873 (8935) R(ogero), archiepiscopo Eboracensi, petenti denegat licentiam „compel-
729 2685 2642 2751 lendorum monachorum alborum et nigrorum, canonicorum regularium et saecularium
731 2742 2642 2800 ad solvendas decimas de conductis, quas habent ad terminum vel ad firmam“. Gil-
731 2791 2642 2855 berti Foliot epist. ed. Giles II. 72, Martene Thes. I. 600, App. conc. Lat. XIII. 3,
731 2848 2642 2919 Coll. Lips. XXIII. 8, Coll. Cass. XXXV. 4, Coll. Bamb. XXV. 4, Comp. I. L. 3.
729 2903 1590 2961 t. 26. c. 8. — „Fraternitatem tuam“.
678 2950 2644 3027 13874 (8936) R(ogero), archiepiscopo Eboracensi, de appellationibus aliisque de rebus
731 3018 2644 3087 consulenti respondet. Gilberti Foliot epist. ed. Giles II. 75. — „Sicut Romana ec-
729 3071 910 3131 clesia“.
680 3113 2644 3184 13875 (8938) (Rogero) archiepiscopo Eboracensi scribit „de priore, qui non deferens
731 3175 2642 3244 protectioni suae et appellationi ad sedem apostolicam factae quendam canonicum
733 3230 2644 3297 suum fecerit omnibus usque ad camisiam spoliari, et eum accusationi et appellationi
731 3279 2642 3354 renunciare coegerit“. App. conc. Lat. X. 25, Comp. II. L. 2. t. 19. c. 3, Decr. Greg.
733 3334 1763 3409 L. II. t. 28. c. 31. — „De priore, qui non“.
680 3383 2644 3467 13876 (8939) (Rogero), archiepiscopo Eboracensi, respondet, neque eum neque alios
735 3449 2640 3544 iudices, „ubi causae sententia sine appellationis remedio (a sede apostolica) commit-
165 3491 733 3601 Rege da Pont Ronan sa eec. I.
2302 3506 2372 3597 48
901 141 1827 245 ALEXANDER III. 1159— 1181.
2507 143 2631 231 377
