3007 3975
315 141 441 236 378
866 291 1193 379 1159— 1181.
943 342 2854 437 tatur. incidentes quoque quaestiones appellatione postposita terminare“ licere. „Sea-
945 424 2856 492 inquit „appellanti ad prosecutionem terminus praefigatur congruus, intra quem si
943 481 2856 541 appellationem non fuerit prosecutus, ex tunc tam super incidentibus, quam super
945 530 2856 602 principali causa stare iudicio delegati iudicis, appellatione postposita, compellatur“.
943 585 2854 653 Coll. Luc. ap. Baluzii Misc. III. 375, Comp. II. L. 2. t. 19. c. 6, Decr. Greg. L. II.
945 640 2220 702 t. 28. c. 33. Mansi XXI. 1103. — „Ad aures nostras“.
897 695 2858 772 13877 (8941) (Rogero) archiepiscopo Eboracensi respondet haec: „si quando iudici de-
947 750 2856 817 legato expediat formam sibi statutam servare, debet tamen rationabiles exceptiones
945 812 2858 870 admittere et in causa iuxta iuris aequitatem procedere, nisi exprimatur in litteris
952 867 2858 927 nostris, quod nullae debeant exceptiones admitti“. App. conc. Lat. XLII. 1, Coll.
952 914 2858 984 Lips. XXXV. 22, Coll. Cass. XLII. 23, Coll. Bamb. XXXIII. 22, Comp. I. L. 1.
950 965 2861 1040 t. 21. c. 18, Decr. Greg. L. I. t. 29. c. 13. — „Ex parte tua quaesitum“ „Ex parte
947 1033 1261 1093 fraternitatis“.
897 1068 2865 1150 13878 (8942. 8943) (Rogero) archiepiscopo Eboracensi respondet, „si a sese super
950 1141 2861 1201 aliqua causa litterae impetrentur et aliae postea, non facta mentione priorum litterarum,
952 1192 2863 1256 litterae obtineantur, iudices, donec Romanum pontificem consulant, executione litte-
952 1252 2865 1313 rarum debere penitus supersedere“. Addit de causis, quae „sub disiunctione man-
954 1298 2863 1369 dantur“. App. conc. Lat. VII. 3. 4, XXXVI. 5, XLI. 7, Coll. Lips. XXII. 4, XXXV. 3,
954 1358 2863 1419 Coll. Cass. XLII. 3, LII. 3, Coll. Bamb. XXXIII. 3, Comp. I. L. 1. t. 21. c. 3,
952 1404 2861 1479 L. 2. t. 1. c. 4, L. 2. t. 20. c. 17, Decr. Greg. L. I. t. 3. c. 4, L. I. t. 29. c. 2,
952 1468 2549 1530 L. II. t. 27. c. 9. — „Sane si a nobis“ „Inter ceteras consultationes“.
903 1514 2867 1585 13879 (8944) (Rogero) archiepiscopo Eboracensi concedit, „ut, si clerici, qui in ecclesiis eius
952 1567 2863 1636 iurisdictionis beneficium sint adepti, ad aliam dioecesim absque licentia eius morandi
952 1629 2861 1689 causa transierint, eos beneficiis spoliet, nisi forte scholasticis disciplinis invigilaverint“.
956 1676 2863 1760 App. conc. Lat. XXX. 6, Comp. II. L. 3. t. 3. c. 1, Decr. Greg. L. III. t. 4. c. 5.
954 1733 1685 1806 — „Fraternitati tuae duximus“.
903 1786 2865 1866 13880 (8945) (Rogero) archiepiscopo Eboracensi (al. episcopo Dunelmensi) scribit, ne
952 1843 2863 1912 „ecclesiae clericis tali tenore concedantur, quod post eorum obitum alii nominatim
952 1894 2865 1963 succedant“. App. conc. Lat. XXVIII. 4, Coll. Lips. V. 3, Coll. Cass. XVII. 3, Coll.
952 1961 2863 2027 Bamb. V. 3, Comp. I. L. 1. t. 26. c. 5, Decr. Greg. L. I. t. 35. c. 5. — „Accepimus,
954 2020 1334 2084 quod quaedam“.
905 2055 2865 2128 13881 (8946) (Rogero) archiepiscopo Eboracensi de sacerdotum filiis in ecclesiis in-
952 2120 2863 2186 stitutis vel instituendis respondet. App. conc. Lat. XIX. 10, Coll. Cass. XXXIII. 10,
952 2166 2856 2241 Coll. Bamb. XXIII. 9, Comp. I. L. 1. t. 9. c. 11, Decr. Greg. L. I. t. 17. c. 9. —
956 2228 1833 2303 „Ex tua nobis“ „Ex tua parte nobis“.
905 2283 2865 2358 13882 (8947) (Rogero) archiepiscopo Eboracensi scribit de ecclesiis quibusdam ecclesiae
954 2336 2865 2400 b. Petri Eboracensi concessis. App. conc. Lat. XV. 23, Coll. Lips. LII. 27, Coll.
952 2389 2863 2460 Cass. LIII. 20, Coll. Bamb. XLV. 20, Comp. I. L. 3. t. 33. c. 25, Decr. Greg. L. III.
952 2455 1922 2519 t. 38. c. 20. — „Suggestum est auribus“.
905 2491 2863 2568 13883 (8948) (Rogero) archiepiscopo Eboracensi mandat, ne nobilem virum W. filium
954 2566 2865 2619 Godrici a R. clerico de Ponte fracto propter ecclesiam quandam gravari sinat. App.
954 2605 2865 2676 conc. Lat. II. 14, Coll. Lips. I. 3, Coll. Cass. XIII. 3, Coll. Bamb. I. 3, Comp. I.
952 2667 2543 2733 L. 5. t. 2. c. 11, Deor. Greg. L. V. t. 3. c. 12, — „Cum essent in“.
905 2718 2863 2791 13884 (8949) (Rogero) archiepiscopo Eboracensi scribit de ecclesia in villa H. (al.
958 2769 2863 2844 Nortona) aedificanda. Coll. Lips. XIX. 10, Comp. I. L. 3. t. 35. c. 2, Decr. Greg.
952 2831 2079 2899 L. III. t. 48. c. 3. — „Ad audientiam nostram“.
905 2884 2865 2950 13885 (8950) (Rogero) archiepiscopo Eboracensi mandat, hortetur Nicolaum archidia-
958 2934 2863 3005 conum de Bedeford, ne praebendam ecclesiae Bevianensis requirat. App. conc. Lat.
956 2985 2858 3074 XXX. 1, Coll. Lips. XXI. 1, Coll. Cass. XXXI. 1, Comp. I. L. 3. t. 5. c. 7. —
956 3058 1484 3111 „Relatum est auribus“.
905 3089 2865 3168 13886 (8951) (Rogero) archiepiscopo Eboracensi scribit de „A. presbytero detinente
954 3157 2863 3219 fornicariam et propter hoc ab officio suspenso“. App. conc. Lat. XVIII. 9, Coll.
956 3210 2861 3281 Lips. XLV. 8, Coll. Cass. LXIII. 8, Coll. Bamb. LV. 8, Comp. I. L. 3. t. 2. c. 8,
952 3268 2302 3330 Decr. Greg. L. III. t. 2. c. 5. — „Super eo, quod asseris“.
908 3316 2863 3389 13887 (8952) (Rogero) archiepiscopo Eboracensi scribit de Willelmo, filio G., excommu-
954 3378 2858 3442 nicato pro eo quod, cum filiam cuiusdam nobilis viri, dum esset minoris aetatis, de-
958 3433 2856 3533 sponsasset., postea, divortio facto, matrem puellae matrimonio sibi copularit. Mandat.
1124 128 2045 225 ALEXANDER III. 1159—1181.
