3007 3975
649 300 980 384 1159— 1181.
733 355 2651 450 causam diligenter inqnirat, et „si ei visum fuerit, ut eum matre puellae remaneat,
731 441 2646 496 ne discordia inter utriusque consanguincos olim exorta, nunc autem sopita, denuo
731 494 2646 556 suscitetur, id dissimulare poterit et aequanimiter tolerare“. App. conc. Lat. VI. 7,
729 549 2644 616 Coll. Lips. LIX. 4, Coll. Cass. LVIII. 5, Coll. Bamb. LI. 4, Comp. I. L. 4. t. 2. c. 6,
733 598 2121 660 Decr. Greg. L. IV. t. 2. c. 5. — „Accessit ad praesentiam“.
678 647 2649 719 13888 (8953) (Rogero) archiepiscopo Eboracensi mandat, ut A. presbyterum iuramento
731 708 2646 781 quodam solvat. Comp. II. L. 1. t. 20. c. 1, Decr. Greg. L. I. t. 43. c. 2. — „Non
731 766 1022 828 sine multa“.
680 812 2646 885 13889 (8954) (Rogero) archiepiscopo Eboracensi respondet, non licere G., qui „ad reli-
729 870 2644 938 gionem fratrum Hospitalis Hierosolymitani transierit, ab eorum consortio separari“.
726 934 2567 991 Comp. II. L. 3. t. 11. c. 2, Mansi XXI. 1098. — „Ad audientiam apostolatus“.
680 989 2646 1048 13890 (8955) (Rogero) archiepiscopo Eboracensi et episcopo Conventriensi scribit, ut
731 1044 2642 1104 N. capellano archidiaconatus restituatur. App. conc. Lat. VII. 21, Coll. Lips. XXXV.
731 1090 2644 1166 21, Coll. Cass. XLII. 22, Coll. Bamb. XXXIII. 21, Comp. I. L. 1. t. 21. c. 17,
729 1148 1866 1210 Decr. Greg. L. I. t. 29. c. 12. — „Ex parte V.“
676 1203 2644 1272 13891 (8956) (Rogero) archiepiscopo Eboracensi, (episcopo) Exoniensi et abbati de
731 1263 2642 1322 Herfort scribit de priore de Prigileven. incontinentiae accusato. Comp. II. L. 2.
722 1320 2149 1384 t. 18. c. 2, Mansi XXI. 1096. — „Quoniam quidam pridem“.
678 1369 2644 1435 13892 (8957) Canonicis regularibus et monachis dioecesis Eboracensis praecipit, ut „si
726 1428 2640 1492 quas portiones vel antiquos reditus clericorum sine consensu R(ogeri) archiepiscopi
724 1484 2638 1548 minuerint, vel parochias diviserint, eas ad integritatem pristinam revocent“. App.
724 1532 2638 1603 conc. Lat. XIII. 1, Coll. Lips. XXIII. 1, Coll. Cass. XXXV. 1, Coll. Bamb. XXV. 1,
724 1592 2578 1651 Comp. I. L. 3. t. 5. c. 12, Decr. Greg. L. III. t. 5. c. 10. — „Avaritiae, quae“.
676 1636 2638 1713 13893 (8958) Abbatibus, prioribus et clericis per archiepiscopatum Eboracensem con-
724 1702 2635 1762 stitutis praecipit, ne „ex donatione laicorum, nisi auctoritas episcopi adsit, sibi ec-
722 1755 2633 1821 clesias vendicent“. Addit de excommunicandis iis, qui „violentas manus in clericos,
726 1817 2633 1877 canonicos, conversos iniiciant“. App. conc. Lat. XV. 9, Coll. Lips. LII. 14, Coll. Cass.
722 1859 2633 1932 LIII. 7, Coll. Bamb. XLV. 7, Comp. I. L. 5. t. 34. c. 6, L. 3. t. 33. c. 13, Decr.
724 1914 2633 1991 Greg. L. III. t. 38. c. 11, L. V. t. 39. c. 5. — „Quia pastorali“ „Cura pastorali-
724 1972 1533 2036 „Cum pastorali“ „Non dubium est“.
673 2029 2633 2097 13894 (8959) Praeposito et canonicis Eburdinensis (Ebredunensis?) ecclesiae nunciat,
724 2095 2635 2146 se eorum excommunicationem ab archiepiscopo prolatam rescidisse. App. conc. Lat.
729 2142 2635 2208 VIII. 10, Coll. Lips. XLIII. 11, Coll. Cass. XLVIII. 8, Coll. Bamb. XXXIX. 8, Comp.
722 2197 2370 2254 I. L. 2. t. 13. c. 16, Decr. Greg. L. II. t. 20. c. 16. — „Cum tu, fili“.
671 2239 2633 2316 13895 Monasterii S. Ebrulfi possessiones, petente Roberto abbate, confirmat. Ex Chartul.
722 2298 2631 2373 S. Ebrulfi ms. lat. 11057 f. 155 in bibl. nat. Paris. Misit Delisle. — „Desiderium
713 2354 881 2426 quod“.
669 2404 2635 2479 13896 (8960) Episcopo Eliensi mandat, iudicet inter P. rectorem ecclesiae de Gestunens
720 2462 2631 2535 et lohannem de Fescam. App. conc. Lat. XXXIX. 5 et 6, Comp. I. L. 1. t. 20. c. 3,
718 2526 2633 2592 Comp. II. L. 3. t. 4. c. 2, Decr. Greg. L. I. t. 28. c. 2. — „Veniens ad nos P.“
720 2570 1787 2638 „Provideas attentius“ „Ceterum si memoratus“.
669 2625 2633 2696 13897 (8961) Ricardo, archidiacono Eliensi, concedit, „ut, si aliqua ecclesia eum ad
720 2689 2633 2751 beneficium vel dignitatem quamlibet vocaverit, non obstante quia non sit de legitimo
720 2738 2633 2802 matrimonio natus, libere valeat ad beneficium vel dignitatem assumi“. Radulfi de
722 2804 2631 2862 Diceto Imag. Hist. ap. Twysden H. A. SS. I. 651, Opp. hist. ed. Stubbs II. 74. —
720 2846 1153 2912 „Audito laudabilr“.
669 2895 2631 2970 13898 (8962) Archidiacono Eliensi interdicit, ne cuiquam „sine licentia et mandato
722 2956 2629 3032 episcopi curam animarum committat“. App. conc. Lat. XXIV. 2, Coll. Lips. XII. 2,
715 3018 2629 3085 Coll. Cass. XXII. 2, Coll. Bamb. XII. 2, Comp. I. L. 1. t. 15. c. 4, Decr. Greg. L. I.
715 3065 1917 3129 t. 23. c. 4, (Mansi XXI. 1089). — „Cum satis sit“.
669 3118 2631 3186 13899 (8963) Episcopo Exoniensi scribit, „sanctorum patrum constitutioni contrarium
718 3186 2629 3241 esse, ut vir, uxore in seculo remanente, aut uxor, viro non assumente religionis habi-
722 3241 2629 3303 tum, debeat ad religionem transire“ cet. App. conc. Lat. V. 3, Coll. Lips. LVIII. 3,
715 3290 2626 3354 Coll. Cass. LVII. 3, Coll. Bamb. L. 3, Comp. I, L. 3. t. 28. c. 4, Decr. Greg. L. III.
713 3347 2465 3416 t. 32. c. 4. — „Cum sis praeditus“ „Cum praeditus sis“ „Si quisquam, qui“.
669 3392 2626 3480 13900 (8964) Episcopo Exoniensi mandat de matrimonio cuiusdam dissolvendo. App.
720 3460 1840 3557 comc. Lat. XLV. 2. — „E praesemtium latoris“.
2255 3509 2348 3590 48*
914 141 1844 245 ALEXANDER III. 1159—1181.
2525 147 2653 242 379
