3007 3975
318 154 450 342 2eo.
861 298 1190 397 1159—1181.
897 359 2856 454 13901 (8965) Episcopo Exoniensi mandat, cogat R. militem, ut fliam Edwini de Base-
943 435 2854 496 leher in matrimonium ducat. App. conc. Lat. XLV. 3. — „Pervenit ad nos, quod“.
899 494 2856 560 13902 (8966) Episcopo Exoniensi scribit de V. quodam, qui mulieri in domo receptae
950 552 2856 611 fidem coram pluribus praestitit, sed apud vicinum pernoctans cum filia eius concu-
950 609 2856 671 buerit. Mandat, ut „si invenerit, quod primam post fidem praestitam cognoverit,
950 655 2856 719 ipsum cum ea faciat remanere“, alioquin secundae adhaerere, nisi metu patris eam
947 715 2856 775 desponsare coactus fuerit. App. conc. Lat. XLV. 1, Comp. II. L. 4. t. 1. c. 2, Decr.
943 766 2454 834 Greg. L. IV. t. 1. c. 15. — „Veniens ad nos V. (al. W. al. G.)“
899 814 2858 887 13903 (8967) Episcopo Exoniensi scribit de iis, „qui in matrimonio contrahendo fidem
950 878 2856 940 dederint, commonendis, ut fidem praestitam observent“. App. Conc. Lat. VI. 33, L. 43,
950 931 2858 995 Coll. Lips. LI. 47, Coll. Cass. LVIII. 31, Coll. Bamb. LI. 30, Comp. I. L. 4. t. 1. c. 11,
950 978 2178 1055 Decr. Greg. L. IV. t. 1. c. 2. — „Praeterea hi, qui“.
901 1037 2858 1101 13904 (8969) Episcopo Exoniensi scribit de diaconis, qui matrimonia contraxerint. App.
950 1095 2858 1161 conc. Lat. XVIII. 13, Coll. Lips. LXIV. 12, Coll. Cass. LXIII. 12, Coll. Bamb. LV. 12,
947 1154 2196 1216 Comp. I. L. 4. t. 6. c. 3. — „Significatum est nobis“.
899 1203 2861 1272 13905 (8970) Episcopo Exoniensi scribit de „quodam litterato et nobili, qui cuidam
950 1260 2858 1322 mulieri nobili fidem dederit de contrahendo matrimonio, nunc autem ad frugem me-
952 1316 2856 1382 lioris vitae suspiret convolare“. Comp. II. L. 4. t. 1. c. 4, Decr. Greg. L. IV. t. 1.
950 1362 2200 1439 c. 16. — „Commissum“ „Significavit nobis fraternitas“.
899 1415 2861 1492 13906 Exoniensi episcopo respondet, „tantam esse vim matrimonii, ut qui ante sint
952 1484 2861 1550 geniti, post contractum matrimonium legitimi habeantur; si autem vir, uxore sua
954 1534 2858 1598 vivente, aliam cognoverit et ex ea prolem habuerit, licet post mortem uxoris eandem
952 1592 2858 1651 duxerit, nihilominus filium spurium esse et ab hereditate repellendum“. Coll. Can-
952 1634 2858 1718 tabr. in Cod. Coll. Trin. Cantabr. R. 9. 17. saec. XII. f. 107“. — „Fraternitati tuae
952 1693 1190 1766 duximus“.
901 1749 2861 1821 13907 (8971) Episcopo Exoniensi respondet, „qui prius cognoverit matrem sive sororem
952 1806 2863 1874 eius, quam postea duxerit in uxorem, eum esse monendum, ut uxorem laboret in-
952 1861 2858 1925 ducere ad continentiam observandam, ut, si illa continere voluerit, continentia simul
954 1919 2858 1978 observetur, si autem ad hoc induci non possit, et debitum reddat et de commisso
956 1974 2858 2042 poenitentiam agat“. Coll. Luc. in Baluzii Misc. III. 379, App. conc. Lat. XII. 7,
952 2029 2651 2086 Comp. II. L. 4. t. 7. c. 1, Mansi XXI. 1099, 1106. — „Super eo, quod“.
903 2073 2861 2148 13908 (8972) Episcopo Exoniensi scribit haec: „nulli monachi Templarii se possunt
954 2139 2861 2210 privilegio apostolicae sedis tueri, quominus excommunicatos vitare debeant, et pro
954 2190 2856 2256 violenta manuum iniectione in clericos sicut excommunicati vitari“. App. conc. Lat.
954 2245 2856 2307 XIV. 4, Coll. Lips. VII. 5, Coll. Cass. XIX. 5, Coll. Bamb. VII. 4, Comp. I. L. 5.
2655 2305 2688 2360 „
961 2305 2604 2358 t. 34. c. 10, Decr. Greg. L. V. t. 39. c. S. — „Nulli autem monachi“.
901 2360 2863 2422 13909 (8973) Episcopo Exoniensi mandat, cogat archidiaconos, ut occupatas ecclesias
952 2413 2858 2471 dimittant. App. conc. Lat. XXIV. 3, Coll. Lips. XII. 3, Coll. Cass. XXII. 3, Coll.
952 2460 2858 2530 Bamb. XII. 3, Comp. I. L. 5. t. 27. c. 3, Decr. Greg. L. V. t. 31. c. 3. — „Ad
952 2526 1296 2588 aures nostras“.
901 2559 2858 2638 13910 (8974) Episcopo Exoniensi mandat, cogat G., ut ecclesiam de Ferelegia (al.
954 2634 2856 2696 Ferleia) magistro W. restituat. App. conc. Lat. XXVIII. 1, Coll. Lips. II. 3, Coll.
952 2687 2858 2762 Cass. XIV, 3, Coll. Bamb. II. 3, Comp. I. L. 5. t. 3. c. 4, Decr. Greg. L. V. f. 4.
954 2742 1648 2806 c. 4. — „Querelam magistri“.
899 2775 2858 2873 13911 (8975) Episcopo Exoniensi mandat, moncat Walterium, ut „calicem argenteum
950 2850 2856 2912 et medietatem unius breviarii ecclesiae de Offetolon (al. Offitona, Ofecolon, Ossecoleo)“,
952 2901 2858 2965 quae pater eius, sacerdos eiusdem ecclesiae, pignori obligaverit, recolligat et ecclesiae
950 2961 2856 3023 restituat. App. conc. Lat. XXIX. 1, Coll. Cass. XXVII. 1, Coll. Bamb. XIV. 1,
950 3014 2803 3071 Comp. I. L. 3. t. 17. c. 3, Decr. Greg. L. III. t. 21. c. 3. — „Ex praesentium“.
899 3060 2854 3138 13912 (8976) Episcopo Exoniensi scribit de „presbytero in homicidii crimine lapso“.
950 3118 2302 3191 App. conc. Lat. XXVI. 13. — „Presbyterum etiam istum“.
899 3168 2856 3244 13913 (8977) Episcopo Exoniensi scribit de A. clerico „in sacerdotio genito ex incestu“.
954 3239 2211 3297 App. conc. Lat. XLVI. 3. — „Suggestum est auribus“.
899 3277 2856 3350 13914 (8978) Episcopo Exoniensi suadet, ut sacerdotem quendam ad abdicandum sacer-
954 3345 2858 3400 dotium simoniace initum adducat. Coll. Luc. ap. Baluzii Misc. III. 378, App. conc.
952 3385 2856 3509 Lat. XXXV. 2. Comp. I. I. 5. t. 2. e. 2. Dcer. Greg. L. V. t. 9. c. 20. Nansi XXk.
954 3451 1718 3551 1104. — „Ex tuae fraternitatis“.
1131 145 2048 245 ALEXANDER III. 1159—1181.
