3007 3975
673 291 1000 388 1159—1181.
702 355 2666 450 13915 (8979) Episcopo Exoniensi respondet. „cum aliquis nimis prolixum terminum
753 439 2666 499 suae appellationi praefixerit, iudex potestatem habet competenti modo abreviandi“,
751 494 2668 560 cet. App. conc. Lat. VII. 19, Comp. I. L. 1. t. 23. c. 8. — „In litteras“ „Ad haec
751 545 1069 611 cum aliquis“.
702 594 2668 671 13916 (8980) Episcopo Exoniensi respondet de peregrinationis votis eleemosynis redi-
755 649 2664 717 mendis vel pro necessitate in aliud commutandis. App. conc. Lat. XXXV. 3, Coll.
753 711 2668 770 Lips. XXIII. 23, Coll. Cass. XXXIX. 2, Coll. Bamb. XXVI. 1, Comp. I. L. 3. t. 29.
753 759 2666 832 c. 1, Decr. Greg. L. III. t. 34. c. 1. — „De peregrinationis“ „De voto peregri-
748 814 980 885 nationis“.
702 863 2668 940 13917 (8982) Episcopo Exoniensi de lite inter P. et R. scribit. App. conc. Lat.
755 927 2668 991 XXXIII. 1, (Coll. Lips. LXIII. 6, Coll. Cass. LXII. 5, Coll. Bamb. LIV. 6, Comp. I.
751 978 2664 1057 L. 4. t. 18. c. 6, Decr. Greg. L. IV. t. 17. c. 6). — „Meminimus, nos fraternitati“
748 1042 1162 1106 („Tanta est vis“).
704 1088 2666 1154 13918 (8983) Episcopo Exoniensi scribit de controversia W. clerici de Calestin (al.
748 1143 2664 1210 Caelestin, Cal.) et G. de Cal(estin?), qui sororem illius in uxorem duxerit et fidei
748 1207 2666 1269 interpositione firmaverit, quod 5 solidos sterlingorum annuatim ei daret. Comp. II.
748 1263 2492 1325 L. 1. t. 20. c. 2, Decr. Greg. L. I. t. 43. c. 3 — „Pervenit ad nos, quod“.
700 1309 2664 1382 13919 (8984) Episcopo Exoniensi (al. archiepiscopo Cantuariensi) respondet de iis, qui
751 1373 2666 1439 „excommunicati sedem apostolicam visitent, et reticentes causas, pro quibus sint vin-
748 1431 2666 1490 culo excommunicationis adstricti, de absolutione sua litteras deferant“. App. conc.
748 1479 2662 1545 Lat. XXXI. 1, Coll. Lips. XXXII. 10, Coll. Cass. XLI. 8, Coll. Bamb. XXXII. 8,
748 1541 2664 1603 Comp. I. L. 1. t. 23. c. 7, Decr. Greg. L. I. t. 31. c. 5. — „Ex parte tua nobis“.
700 1581 2662 1660 13920 (8985) Episcopo Exoniensi (al. Dunelmensi, Veronensi, Norwicensi) de appella-
748 1638 2662 1709 tionibus scribit. App. conc. Lat. X. 17, Coll. Lips. XLVII. 18, Coll. Cass. LI. 17,
748 1700 2664 1764 Coll. Bamb. XLII. 16, Comp. I. L. 2. t. 20. c. 19. — „Significavit“ „Appellationi
751 1762 938 1821 autem“.
700 1790 2666 1874 13921 (8986) Episcopo Exoniensi (al. Lexoviensi) scribit, „si quis rei litigiosae confir-
751 1868 2664 1938 mationem impetraverit apostolicae sedis, non minus iudicem posse de causa cogno-
751 1921 2662 1987 scere et eam fine debito terminare“. App. conc. Lat. XLIV. 10, Coll. Lips. LI. 2,
748 1972 2662 2047 Coll. Cass. LII. 2, Coll. Bamb. XLIV. 2, Comp. I. L. 2. t. 21. c. 1, Decr. Greg.
748 2027 1789 2097 L. II. t. 30. c. 1. — „Si quis rei litigiosae“.
700 2073 2662 2150 13922 (8988) Episcopo Exonexant (Exoniensi?) mandat, permittat A., parochiano suo,
748 2144 2664 2201 ut cum uxore adultera et venefica divortium faciat. Coll. Luc. ap. Baluzii Misc. III.
748 2197 1738 2256 380, Mansi XXI. 1107. — „Litteris tuae“.
695 2239 2664 2309 13923 (8989) Exoniensi et Wigorniensi episcopis scribit de clerico, qui „de dono militis
748 2307 2441 2376 ecclesiam vendicet“. App. conc. Lat. XLVII. 9. — „Si vobis constiterit“.
695 2358 2662 2431 13924 (8990) Exoniensi et Wigorniensi episcopis mandat, „priorem et monachos de
748 2418 2662 2477 Acra moneant, ut Petro clerico ac fratri eius decens et competens beneficium confe-
751 2475 2660 2535 rant et assignent“. App. conc. Lat. XXVIII. 2, Coll. Lips. V. 1, Coll. Cass. XVII. 1,
748 2521 2660 2594 Coll. Bamb. V. 1, Comp. I. L. 1. t. 26. c. 4, Decr. Greg. L. I. t. 35. c. 4. — „Cum
746 2572 1528 2647 pridem Simon“ „Cum iampridem“.
695 2619 2660 2696 13925 (8991) Exoniensi et Wigorniensi episcopis mandat, ut testes a Radul. clerico
748 2691 2660 2756 nominatos ad perhibendum testimonium compellant. App. conc. Lat. VIII. 16, Coll.
748 2744 2660 2811 Lips. XLV. 7, Coll. Cass. XLIX. 4, Coll. Bamb. XL. 4, Comp. I. L. 2. t. 14. c. 6,
748 2795 1610 2866 Mansi XXI. 1085. — „Testes, quos“.
695 2839 2662 2912 13926 (8992) Exoniensi et Wigorniensi episcopis scribit, personas idoneas et discretas
748 2908 2660 2968 mittendas esse ad testes „valetudinarios et senes, vel debilitate confectos aut pauper-
751 2965 2660 3032 tate depressos“. Coll. Lips. XLIII. 21, Coll. Cass. XLVIII. 17, Coll. Bamb. XXXIX. 17,
746 3023 2434 3076 Comp. I. L. 2. t. 13. c. 24, Decr. L. II. t. 20. c. 8. — „Si qui testium“.
698 3074 2660 3140 13927 (8993) Exoniensi et Wigorniensi episcopis de clericorum quorundam causa
746 3124 2657 3186 scribit. App. conc. Lat. VIII. 19, Coll. Lips. XLIII. 19, Coll. Cass. XLVIII. 15,
746 3182 2655 3246 Coll. Bamb. XXXIX. 15, Comp. I. L. 2. t. 13. c. 22. — „Ad haec, quia“ „Ad
746 3233 1014 3301 hoc, quod“.
693 3279 2660 3361 13928 (8994) Exoniensi et Wigorniensi (al. Ryomensi et Wintoniensi) episcopis man-
748 3343 2655 3407 dat, ut homines de Hortun (al. Ortana) ad solvendas decumas impellant. App. conc.
746 3389 2649 3469 Lat. IV. 4, Coll. Lips. XXII. 6. Coll. Cass. XXXIV. 3, Coll. Bamb. XXIV. 3, Comp.
936 136 1862 231 ALEXANDER III. 1159—1181.
2540 145 2664 238 381
