3007 3975
293 150 421 249 382
843 315 1170 395 1159—1181.
874 366 2841 452 13929 Exoniensi et Wigorniensi episcopis seribiit „de nata ante desponsationem matris
923 448 2832 510 suae“. Coll. Cantabr. in Cod. coll. Trinit. Cantabr. R. 9. 17. saec. XII. f. 107. —
923 494 1301 565 „De nata ante“.
874 549 2836 624 13930 (8995) Episcopo Exoniensi et abbati S. Albani scribit de lite inter R. et W.
930 602 2834 682 App. conc. Lat. VIII. 13, Coll. Lips. XLIII. 13, Coll. Cass. XLVIII. 10, Coll. Bamb.
927 664 2836 739 XXXIX. 10, Comp. I. L. 2. t. 13. c. 18, Decr. Greg. L. II. t. 20. c. 18. — „Innotuit
923 715 1630 781 nobis R.“ „Intimavit nobis R.“
874 770 2839 836 13931 (8996) Episcopo Exoniensi et decano Cicestrensi scribit de lite R. presbyteri de
925 834 2836 901 Curket et W. clerici de Cicestro. App. conc. Lat. IX. 26. — „Ad audientiam
925 885 1153 954 nostram“.
874 929 2839 1009 13932 (8997) Exoniensi ac Wintonensi episcopis et abbati Forden. scribit de contro-
927 1002 2839 1060 versia nobilium virorum F. et R. de Ardenna, filium Agathae, super nativitate Aga-
927 1046 2836 1119 thae agitata. Coll. Lips. LXIII. 4, Comp. I. L. 4. t. 18. c. 4, Decr. Greg. L. I. t. 29.
927 1113 2529 1166 c. 17, L. II. t. 14. c. 3, L. IV. t. 17. c. 4. — „Causam, quae inter“.
872 1150 2839 1230 13933 (8998) Episcopo Exoniensi et abbati de Reforden. (al. Forden.) scribit de causa
923 1214 2832 1285 canonicorum S. Trinitatis de Barlen. Comp. II. L. 2. t. 7. c. 4, Decr. Greg. L. II.
925 1267 1824 1338 t. 13. c. 9. — „Cum venisset ad nos“.
874 1309 2832 1389 13934 (8999) Episcopi Exoniensi et decano Lincolniensi (al. capitulo Londinensi) man-
927 1389 2832 1450 dat, ut priorem de Gisebuir. (al. Guiseburnen) a R(ogero), archiepiscopo Eboracensi,
925 1439 2832 1501 apostolicae sedis legato, excommunicatum in integrum restituant. App. conc. Lat.
927 1484 2828 1556 X. 1, Coll. Lips. XLVII. 1, Coll. Cass. LI. 1, Coll. Bamb. XLII. 1, Comp. I. L. 2.
925 1539 2695 1603 t. 20. c. 1., Decr. Greg. L. II. t. 1. c. 6, t. 28. c. 1. — „Dilecti filii nostri“.
872 1587 2830 1667 13935 (9000) Episcopo Firmano de nobili quodam respondet qui, cum uxorem legitime
923 1660 2828 1722 copulatam per septennium tenuisset, „consobrinam patris eius, antequam illam duceret,
923 1704 2828 1784 se asseruit cognovisse“. Comp. II. L. 2. t. 12. c. 5, Decr. Greg. L. II. t. 20. c. 24.
923 1768 1277 1828 — „In literis“.
872 1799 2832 1885 13936 (9001) Episcopo Florentino et alii cuidam mandat, ut „si quando Lan. (al. Lam.)
923 1872 2830 1941 plebanus S. Pancratii de Lucar (al. Lucrum) in clericos vel laicos suos parochianos
923 1930 2828 1991 interdicti vel excommunicationis sententiam rationabiliter tulerit, ipsam faciant ob-
923 1976 2828 2051 servari“. App. conc. Lat. XXXI. 7, Coll. Lips. XXXII. 3, Coll. Cass. XLI. 3, Coll.
925 2038 2830 2113 Bamb. XXXII. 3, Comp. I. L. 1. t. 23. c. 3, Decr. Greg. L. I. t. 31. c. 3. — „Cum
923 2095 1303 2161 ab ecclesiarum“.
874 2146 2825 2217 13937 (9002) Abbati de Fontibus et M. vicario (al. magistro Vacario) scribit de W.,
921 2201 2828 2265 fratre O. Andegavensis, parochiani Eboracensis ecclesiae, quem „W. de Romare ca-
923 2254 2828 2325 piens tamdiu in vinculis ferreis et carcere tenuerit, donec ipsum iurare coegerit, quod
925 2312 2828 2380 H. mulierem duceret in uxorem“. App. conc. Lat. VI. 13, Coll. Lips. LIX. 24, Coll.
919 2369 2828 2431 Cass. LVIII. 13, Coll. Bamb. LI. 12, Comp. I. L. 4. t. 7. c. 2, Decr. Greg. L. IV.
919 2420 1763 2491 t. 7. c. 2. — „Significavit nobis 0.“
870 2468 2828 2541 13938 (9003) Albertum, episcopum Frisingensem, gaudet ad sese venturum esse.
925 2535 2828 2597 Meichelbeck Hist. Fris. I. I. 362, Pez Thes. anecd. VI. I. 393. — „Antiqua fami-
916 2585 1126 2652 liaritas“.
872 2630 2828 2707 13939 Fundano episcopo respondet de viro, qui mulieri cuidam matrimonium promi-
919 2705 2828 2762 serit sed consummare nolit ac testes a mulieri productos repudiare conetur. Coll.
916 2744 2823 2820 Cantabr. in Cod. coll. Trin. Cantabr. R. 9. 17. saec. XII. fol. 104. — „Ad audientiam
914 2800 1210 2875 apostolatus“.
872 2842 2825 2921 13940 (9004) abbati S. Genovefae respondet de plectendo acolyto, qui rebaptixsando
919 2919 2821 2981 fratri suo interfuerit. App. conc. Lat. XXVI. 1, Coll. Lips. XI. 1, Coll. Cass. XXI. 1,
919 2968 2821 3034 Comp. I. L. 5. t. 8. c. 3, Decr. Greg. L. V. t. 9. c. 2. — „Ex litterarum tuarum“
916 3023 1478 3087 „Ex tuarum litterarum“.
868 3069 2823 3144 13341 (9005) Priori et canonicis de Giselebur adiudicat ecclesiam de Levintri
921 3138 2821 3197 (al. Lamento), affectatam a G. praeposito ecclesiae Beverlacensis. App. conc.
921 3184 2821 3255 Lat. III. 4, Coll. Lips. XLI. 1, Coll. Cass. XLVII. 1, Coll. Bamb. XXXIX. 1,
919 3239 2821 3321 Comp. I. L. 2. t. 11. c. 1, Decr. Greg. L. II. t. 15. c. 1. — „Constitutis in prae-
916 3305 1100 3363 sentia“.
863 3341 2821 3431 13942 (9006) Quibusdam scribit de lite canonicorum de Giseburn et de Thurin. App.
919 3414 2819 3491 conc. Lat. III. 3, Coll. Lips. XLI. 2, Coll. Cass. XXXVIII. 2, Coll. Bamb. XL-VII. 2.
916 3458 2132 3562 Comp. I. I. 2. t. 11. c. S. — „Causam, quae inter“.
1100 154 2023 251 ALEXANDER III. 1159—1181.
