3007 3975
671 293 998 379 1159 — 1181.
702 355 2666 446 13943 (9007) Patriarchae Gradensi scribit, ut misericordia utatur in V. presbyterum,
753 426 2662 492 qui „ad pravitatum (al. privatum) locum, immundum spiritum invocaturus, accesserit“.
755 479 2666 552 App. conc. Lat. L. 6, Coll. Cass. XXI. 6, Comp. I. L. 5. t. 17. c. 3, Decr. Greg.
751 538 2286 600 L. V. t. 21. c. 2. — „Ex tuarum litterarum“ „Ex tuarum tenore“.
702 596 2668 655 13944 Patriarchae Gradensi concedit, ut „in Constantinopolitana urbe et aliis civitati-
753 655 2671 708 bus in Constantinopolitano imperio dumtaxat constitutis, in quibus Veneti plures
753 704 2671 764 habeant ecclesias, ubi ipsorum multitudo consueverit assidue convenire, liceat ei epi-
757 766 2671 832 scopum ordinare“ et consecrare. (Fragmentum). Archives des missions scientifiques
755 810 1586 876 2. sér. IV. 429. — „Ceterum tum“.
702 863 2673 931 13945 Monasterii Hasteriensis tutelam suscipit bonaque et privilegia confirmat, petente
760 925 2671 1000 Petro abbate. Analectes p. s. a l'hist. eccl. de la Belgique XVI. 38. — „Religiosam
757 987 1193 1044 vitam eligentibus“.
704 1022 2673 1097 13946 (9008. 9010. 9015) Episcopo Herefordensi respondet: 1) de sacerdotibus ante
755 1084 2668 1159 professioncm „ad priorem statum reversis“; 2) de „laico uxorato, qui de licentia et
760 1150 2671 1207 permissione uxoris suae est ingressus monasterium, uxore manente in seculari ha-
757 1203 2671 1258 bitu“; 3) scribit, ut „clericos inferiorum ordinum, qui in coniugio constituti, eccle-
757 1258 2671 1316 siastica beneficia ex concessione pracdecessorum suorum habuerint, quia ibi natio et
757 1302 2668 1373 barbarica gens et multitudo sit in causa, sub dissimulatione sustineat“. App. conc.
757 1353 2671 1428 Lat. V. 4, XVIII. 5, XXI. 2, Coll. Lips. XVI. 2, LVIII. 4, LXIV. 4, Coll. Cass.
762 1417 2668 1484 XXVI. 3, LVII. 5, LXIII. 4, Coll. Bamb. XVI. 2, L. 3, LV. 4, Comp. I. L. 3. t. 3.
757 1468 2668 1537 c. 3, L. 3. t. 27. c. 9, L. 3. t. 28. c. 1, Decr. Greg. L. III. t. 3. c. 2, L. III. t. 31.
757 1523 2671 1603 c. 9, L. III. t. 32. c. 1. — „Sane de clericis“ „Super eo quod quaesitum“ „Prae-
757 1590 1749 1654 terea utrum laicus“ „Praeterea sciscitaris“.
709 1640 2673 1702 13947 (9009) Episcopo Herefordensi respondet de A., qui „quandam puellam in cu-
762 1698 2668 1753 nabilis desponsavit, procedente vero tempore matrem puellae in uxorem accepit“.
762 1755 2671 1817 App. conc. Lat. XII. 2, Coll. Lips. LX. 2, Coll. Bamb. LII. 2, Coll. Cass. LIX. 2,
757 1799 2673 1870 Comp. I. L. 4. t. 2. c. 5, Decr. Greg. L. IV. t. 2. c. 4. — „Litteras fraternitatis
757 1852 1928 1916 tuae“ „Fraternitatis tuae litteras“ „Litteras tuae“.
713 1908 2675 1976 13948 (9011) Episcopo Herefordensi scribit, „in dedicationibus ecclesiarum extra ieiunia
762 1972 2673 2038 quatuor temporum clericos ad sacros ordines non esse promovendos“. Addit, „lici-
762 2022 2673 2084 tum esse, in dominicis diebus et aliis festivis diebus unum aut duos ad minores or-
760 2071 2673 2146 dines promovere“. App. conc. Lat. XXVI. 24. 25, Coll. Lips. XVIII. 2. 3, Coll.
760 2139 2673 2192 Cass. XXXIX. 2. 3, Coll. Bamb. XIX. 2. 3, Comp. I. L. 1. t. 6. c. 2. 3, Decr.
757 2190 2673 2263 Greg. L. I. t. 11. c. 2 et 3. — „Sane super eo“ „De hoc autem, quod“ „De eo
760 2250 1091 2312 autem, quod“.
713 2285 2677 2360 13949 (9012) Episcopo Herefordensi scribit, „in ecclesiasticis personis et negotiis ri-
764 2347 2677 2418 gorem et districtionem iuris non esse requirendum“. App. conc. Lat. III. 1, Coll.
762 2404 2675 2477 Lips. XL. 1. Coll. Cass. XLVI. 1, Coll. Bamb. XXXVII. 1, Comp. I. L. 2. t. 10. c. 1,
764 2460 2158 2521 Decr. Greg. L. II. t. 14. c. 1. — „Ad haec cum contingat“.
713 2519 2677 2577 13950 (9013) Episcopo Herefordensi respondet, „si litterae suae ad eum directae
764 2574 2677 2634 formam expressam habuerint, et cognoverit, eas per suggestionem falsitatis aut sup-
762 2632 2673 2694 pressionem veritatis cum tali forma impetratas fuisse, tunc non secundum formam in
762 2683 2675 2749 eis expressam, sed secundum rigorem iustitiae procedat“. App. conc. Lat. VII. 13,
760 2736 2673 2797 Coll. Lips. XXXV. 13, Coll. Cass. XLII. 14, Coll. Bamb. XXXIII. 13, Comp. I. L. 1.
760 2786 1579 2857 t. 21. c. 11. — „Intelleximus ex“.
711 2826 2675 2915 13951 (9014) Episcopo Herefordensi commendat Wal., cui ecclesiam concedat. App.
764 2906 2673 2965 conc. Lat. XXXI. 8, Coll. Lips. XL. 6, Coll. Bamb. XXX. 6, Comp. I. L. 1. t. 4.
762 2961 1880 3021 c. 19, (Mansi XXI. 1083). — „Dignum est et“.
711 3005 2673 3071 13952 (9017) Episcopo Herefordensi et abbati de Evesham mandat, ut G. clerico ec-
762 3065 2668 3129 clesiam b. Mariae ante portas Gloucestri restitui iubeant. App. conc. Lat. XLVII. 10:
764 3120 2562 3175 sed in Comp. II. L. 3. t. 7. c. 2, Lucio III. tribuitur. — „Ad aures nostras“.
715 3168 2673 3239 13953 (9018) Episcopo Herefordensi et abbati de Forde mandat, ut ecclesiam quandam
771 3224 2671 3286 Wil. de Leicester adiudicent. App. conc. Lat. XV. 5, Coll. Lips. LII. 4, Coll. Cass.
764 3281 2671 3354 LIII. 3, Coll. Bamb. XLV. 3, Comp. I. L. 3. t. 33. c. 9, Decr. Greg. L. III. t. 38,
762 3327 1285 3398 c. 7. — „Ex litteris“.
713 3374 2675 3453 13954 (9020) Episcopo Herefordensi et abbati de Forde (al. Episcopo Exoniensi) de
768 3449 2675 3553 advocationibus ecclesiarum scribit. App. conc. Lat. XV. 4. Coll. Lips. LII. S. Coll.
930 134 1860 238 ALEXANDER III. 1159—1181.
2538 141 2671 240 383
