3007 3975
293 141 419 236 384
837 291 1164 388 1159— 1181.
919 351 2830 450 Cass. LIII. 2, Coll. Bamb. XLV. 2, Comp. I. I. 3. t. 33. c. S, Decr. Greg. L. III.
916 430 1805 499 t. 38. c. 6. — „Quia clerici quidam“.
870 485 2834 552 13955 (9019) Episcopo Herefordensi et abbati de Forde mandat, iudicent inter Adamum
925 547 2830 605 clericum et H. militem. App. conc. Lat. VIII. 22, Coll. Lips. XLIII. 20, Coll. Cass.
923 594 2828 662 XLVIII. 16, Coll. Bamb. XXXIX. 16, Comp. I. L. 2. t. 13. c. 23, Decr. Greg. L. II.
919 651 1703 711 t. 20. c. 7. — „Ex parte Adae“.
874 695 2834 770 13956 (9021. 9242) Episcopo et archidiacono (al. Archidiaconis et diaconis) Herefor-
925 768 2836 823 densibus interdicit, ne „personas ecclesiarum indebitis exactionibus ac procurationibus
925 823 2832 883 de cetero gravent“ neu a clericis „pro ministerio ecclesiastico exercendo, sive pro
923 870 2832 936 vicariis assignandis, seu pro chrismate exigat pecuniam“. App. conc. Lat. II. 9,
921 927 2832 1000 Coll. Cass. XVI. 3, Comp. II. L. 5. t. 2. c. 3, Decr. Greg. L. V. t. 3. c. 21, Mansi
925 976 1822 1046 XXI. 1099. — „Ad nostram noveris“.
874 1026 2836 1097 13957 (9022) Episcopo Hermonensi (?) scribit de Aidae filio decem annos nato, quo
923 1093 2830 1150 sagittante cum aliis pueris „quidam nepos eiusdem Aide sagitta percussus interierit“.
919 1141 2828 1210 Comp. I. L. 5. t. 20. c. 2, Decr. Greg. L. V. t. 23. c. 2. — „Deferente nobis Aide“
927 1194 1416 1260 „Referente nobis II.“
872 1252 2834 1318 13958 Praeposito monasterii ad S. Hippolitum in Austria. Pflugk-Harttung Iter p. 290.
927 1311 1467 1378 — „Desiderium quod“.
872 1353 2836 1424 13959 Monasterii Hoensis tutelam suscipit, possessionesque et iura confirmat, petente
925 1415 2834 1492 Willelmo abbate. In bibl. nat. Paris. Chartul. S. Petri de Oya, nouv. acqu. lat. 1231.
921 1475 1882 1541 S. XIX. f. 16. — „Desiderium quod ad“.
872 1528 2839 1587 13960 (9024) Hospitalariis et Templariis interdicit, „ne cum ius patronatus in ecclesiis
925 1592 2836 1651 parochialibus acquisierint, in eis presbyteros nisi per episcopum instituant“. App.
921 1643 2834 1702 conc. Lat. XV. 13, Coll. Lips. LII. 18, Coll. Cass. LIII. 11, Coll. Bamb. XLV. 11,
916 1693 2832 1760 Comp. I. L. 3. t. 33. c. 16, Decr. Greg. L. III. t. 38. c. 13. — „Cum saeculum“.
874 1744 2836 1808 13961 (9025) Archiepiscopos et episcopos hortatur, ut privilegia Hospitalariorum ser-
925 1802 2834 1872 vent. App. conc. Lat. XLIV. 6, Coll. Lips. XII. 1, Coll. Cass. XXIII. 1, Coll. Bamb.
923 1859 2832 1930 XIII. 1, Comp. I. L. 5. t. 28. c. 4, Decr. Greg. L. V. t. 33. c. 4. — „Dilecti filii
919 1908 1109 1969 nostri“.
870 1952 2836 2033 13962 (9026) Fratres Hospitalis Hierosolymitani hortatur, ne in episcopatu Herefor-
923 2022 2836 2091 densi privilegii apostolici „metas transgrediantur“. App. conc. Lat. XLIV. 9, Coll.
925 2075 2834 2142 Lips. XIII. 4, Coll. Cass. XXIII. 4, Coll. Bamb. XIII. 4, Comp. I. L. 5. t. 28. c. 7.
925 2128 1528 2190 — „Pervenit ad nos ex“.
870 2177 2836 2248 13963 Quibusdam concedit, ut qui in eorum fraternitate receptus sit, ecclesiasticae se-
923 2243 2832 2309 pulturae tradatur, etiamsi ecclesiam, ad quam pertinet, interdictam esse contigerit.
923 2296 2834 2365 (Fragmentum hoc sumptum mihi videtur ex privilegio Hospitalariis aut Templariis con-
925 2358 2832 2413 cess0. Augustinus vero Tarrac. id cum decretali 13972 cohaerere putat.) App. conc.
923 2404 2832 2471 Lat. XIIV. 8, Coll. Lips. XIII. 2, Coll. Cass. XXIII. 2, Coll. Bamb. XIII. 2, Comp. I.
921 2455 1767 2528 L. 5. t. 28. c. 5. — „Simili modo“.
870 2499 2834 2579 13964 Hierosolym(itanis) epp. (episcopis?) ita scribit: „Principium uniuscuiusque causae
923 2577 2832 2632 sacramentum est calumniae, magis tamen in ecclesiasticis negotiis, . . . . quam in
921 2627 2832 2685 mundanis, nisi ita manifesta fuerit causa, ut sine examinatione sententia vel ex equi-
921 2669 2830 2753 tate vel de rigore iusticiae procedat“. Coll. Lips. XXXVII. 7. — „Principium unius-
916 2733 1166 2800 cuiusque“.
870 2775 2832 2848 13965 (9027) Archiepiscopo Ianuensi mandat, videat, ne ii, „qui piper seu cinnamum
923 2844 2830 2906 aut alias merces comparent, quae ultra quinque libras non valeant, promittant per
923 2901 2830 2968 publicum instrumentum, se eis, a quibus merces istas acceperint, sex libras statuto
921 2954 2830 3016 tempore soluturos“. App. conc. Lat. XVI. 2, Coll. Lips. IX. 9, Coll. Cass. XX. 10,
919 3001 2830 3071 Coll. Bamb. IX. 7, Comp. I. L. 5. t. 15. c. 8, Decr. Greg. L. V. t. 19. c. 6. — „In
916 3062 1232 3127 civitate tua“.
870 3102 2832 3175 13966 (9028) Episcopo lanuensi scribit, ne „uni personae locum in pluribus ecclesiis
923 3171 2830 3241 concedat, neu in episcopatu suo inducat consuetudinem Gallicanae ecclesiae. quae
925 3221 2828 3286 unum ad plura recipiat beneficia“. Comp. II. L. 3. t. 4. c. 1, Decr. Greg. L. III.
916 3272 2828 3341 t. 5. c. 15, (Pflugk-Harttung Iter p. 289). — „Cum non ignores“ „Quoniam non ignoras“.
872 3325 2828 3396 13967 (9029) Episcopo Ianuensi respondet de B. canonico S. Mariae de Vineis, qui
930 3392 2828 3464 „in quendam subdiaconum manus iniecerit violentas“. Comp. II. L. 5. t. 34. c. 15,
925 3442 2282 3557 Ooer. Grcg. I. F. t. 89. c. 10. — „Es tenore fisterarum“.
1102 139 2023 231 ALEXANDER III. 1159—1181.
