3007 3975
671 306 996 390 1159—1181.
702 371 2668 457 13968 (9030) Episcopo lanuensi de appellationibus respondet. Comp. II. L. 2. t. 19.
751 452 2092 505 c. 2, Decr. Greg. L. II, t. 28. c. 30. — „Ad haec sicut“.
700 496 2671 558 13969 (9031) Episcopo lanuensi respondet „de his, qui desponsant mulieres et, ante-
751 556 2671 620 quam eas ducant, vel cognoscant, accipiunt alias in uxores“ cet. App. conc. Lat.
755 607 2666 675 L. 41. 42, Coll. Lips. XLIX. 52. 54, Coll. Cass. LVIII. 37, Coll. Bamb. LI. 35,
753 671 2671 724 Comp. I. L. 4. t. 1. c. 14, L. 4. t. 2. c. 12, L. 4. t. 4. c. 9, Decr. Greg. L. II. t. 23.
753 715 2671 779 c. 11, L. IV. t. 2. c. 9, t. 4. c. 4, (cf. Pflugk-Harttung Iter p. 33). — „Tua frater-
753 770 2328 843 nitas“ „IIlud quoque nihilominus“ „De illis autem, qui“ „Tua nos“.
707 832 2673 892 13970 (9032. 9033. 9034) Episcopo Ianuensi 1) respondet de „parochianis ad purga-
757 889 2671 951 tionem cogendis“; 2) scribit, laicum a clerico „de rebus suis vel ecclesiae impetitum,
757 945 2671 1000 super hoc ad forense iudicium trahendum esse“; 3) de extorquendo testimonio. App.
760 991 2673 1057 conc. Lat. VIII. 7, Coll. Lips. XLV. 5, Coll. Cass. XLI. 4, XLIX. 2, Coll. Bamb.
762 1048 2673 1117 XL. 2, Comp. I. L. 1. t. 23. c. 4, L. 5. t. 29. c. 7, L. 2. t. 14. c. 4, L. 2. t. 2. c. 7,
757 1104 2673 1168 Decr. Greg. L. V. t. 34. c. 6, L. II. t. 2. c. 5, L. II. t. 21. c. 3. — „Cum inter
757 1148 2668 1225 alios“ „Nos inter alios“ „Ideo inter alios“ „Ex parte tua nobis“ „Utrum vero“
764 1212 2668 1283 „Nos in eminenti“ „Si presbyter vel“ „Si vero presbyter“ „Super eo vero quod“
766 1267 1400 1338 „Super eo quod certificari“.
711 1313 2675 1384 13971 (9035) Cuidam mandat, cogat priorem de Insula, ut canonicorum Eburgensium
764 1384 2675 1448 parochianum, quem in ecclesia sua sepelierit, iis restituat. Comp. II. L. 3. t. 15. c. 1,
760 1435 2149 1497 Decr. Greg. L. III. t. 28. c. 5. — „Ex parte canonicorum“.
711 1477 2677 1550 13972 (9036. 9037) Ad Girardi prioris et fratrum (S. Iohannis) iuxta disciplinam b.
757 1545 2680 1616 m. Gleri (al. Cleti, Electi,) viventium petitionem, regulam eorum constituit. Homines
766 1601 2680 1660 „servilis conditionis“ sine permissione domini recipi vetat. Prohibet „ne uxoratus
764 1656 2677 1720 sine licentia propriae uxoris inter eos recipiatur“. Wiener Sitzungsber. XXIV. 65,
762 1700 2677 1768 (App. conc. Lat. V. 9, XXVII. 5, Coll. Lips. XIV. 6, XV. 1, LVIII. 9, Coll. Cass.
764 1766 2675 1828 XXV. 1, LVII. 10, Coll. Bamb. XVI. 1, L. 9, Comp. I. L. 3. t. 27. c. 1, L. 3. t. 28.
762 1817 2671 1881 c. 8, Decr. Greg. L. III. t. 32. c. 8). — „Ad petitionem vestram“ („Uxoratus autem“
766 1868 1623 1938 „Uxoratus sine“ „Ideo prohibemus“).
713 1916 2682 1989 13973 (9038) Iudaeis „protectionis suae clipeum indulget“. Statuit 1) „ut nullus
764 1989 2680 2042 Christianus invitos et nolentes eos ad baptismum venire compellat“; 2) „nullus
766 2042 2680 2106 Christianus eorum quemlibet sine iudicio potestatis terrenae vel vulnerare vel occi-
764 2095 2680 2157 dere vel eis suas pecunias auferre praesumat, aut bonas, quas hactenus in ea, quam
764 2150 2680 2214 prius habitabant, regione habuerunt, consuetudines immutare, praesertim in festivi-
764 2206 2677 2265 tatum suarum celebratione quisquam fustibus vel lapidibus eos nullatenus perturbet“
768 2263 2682 2327 cet. 3) „ut nemo Iudaeorum coemeterium mutilare aut invadere audeat“. (Hoc
766 2314 2682 2376 decretum Clementi III. quoque ascribitur). App. conc. Lat. XX. 1, Coll. Lips. LV.
775 2373 2680 2433 1, Coll. Cass. LIV. 1, Coll. Bamb. XLVII. 1, Comp. II. L. 5. t. 4. c. 3, Decr. Greg.
766 2418 1964 2493 L. V. t. 6. c. 9, — „Sicut Iudaeis“ „Sicut Iudaei“.
715 2475 2684 2541 13974 (9039) Quosdam hortatur, 1) ut, „si inter eos et quoscumque Christianos causa
768 2539 2684 2594 emerserit, ne pro illius provocatione ad saecularem curiam aut iudicem unum atten-
768 2585 2682 2650 dere praesumant, et in qualibet causa Christiani, et maxime clerici, nonnisi testi-
768 2645 2682 2705 monium duorum vel trium virorum, qui sint probatae vitae et fidelis conversationis
768 2689 2680 2760 non admittant“; 2) „ut omnibus Christianis interdicant, ne ludaeorum servitio assi-
771 2758 2682 2815 due pro aliqua mercede se exponant, quin et obstetricibus et mulieribus eorum pro-
768 2802 2684 2873 hibere curent, ne infantes Iudaeorum in domibus eorum nutrire praesumant“; ut
775 2866 2680 2926 „parochianis usuram accipere omnibus modis inhibeant“. App. conc. Lat. XX. 2,
768 2910 2682 2974 Coll. Lips. LV. 1. 2, Coll. Cass. LIV. 2, Coll. Bamb. XLVII. 6, Coll. Luc. ap. Ba-
768 2968 2684 3029 luzii Misc. III. 379, Comp. I. L. 5. t. 15. c. 9, Comp. II. L. 2. t. 2. c. 1, L. 5.
768 3027 2682 3087 t. 4. c. 2, Decr. Greg. L. II. t. 20. c. 23, L. V. t. 6. c. 8, t. 19. c. 7, Mansi XXI.
773 3078 2684 3155 1105. — „Licet universis“ „Ad hoc praesentium“ „Ad haec praesentium“ „Prae-
773 3135 1210 3199 terea parochianis“.
724 3175 2686 3255 13975 (9040. 9076) Episcopo Massiliensi scribit, edicat, „ut ludaei ostia vel fenestras
777 3241 2684 3308 in die parasceve apertas non habeant, sed eas per totum diem claudant; mancipia
775 3299 2684 3358 quoque Christiana nulla cum eis habitare permittat“, utque eos „de terris, quas colant,
775 3356 2684 3416 ad decimas persolvendas vel ad possessiones penitus renunciandas compellat“. Comp. I.
777 3403 2682 3491 I. 5. t. 5. c. 7, I. 3. t. 26. c. 28, Decr. Greg. I. V. t. 6. c. 4, L. III. t. 30. c. 16.
779 3462 2072 3564 — „Quia super iis“ „Quia super his“ „De terris vero“.
207 3493 773 3606 Regeta Bont. Ronrn Pa e n.
2350 3513 2408 3606 48
934 147 1864 251 ALEXANDER III. 1159—1181.
2538 156 2668 256 385
