3007 3975
307 172 433 353 286.
850 313 1170 395 1159—1181.
881 371 2845 461 13976 (9041) Episcopo cuidam mandat, ut Iudacos, „qui parochlas ecclesiarum emp-
932 454 2839 514 tionis sive conductionis aut etiam pignoris titulo detineant occupatas, ad eas dimit-
932 510 2843 571 tendas, requisito prius et habito consensu Henrici, illustris Anglorum regis, arctius
934 571 2843 622 compellat, prohibens omnibus fidelibus sub interminatione anathematis, ne quis Iu-
934 613 2843 682 daeis hominia vel fidelitates facere audeat, ac ne quis Christianorum alicuius Iudaei
932 673 2852 735 mancipium efficiatur“. App. conc. Lat. XX. 3. 4, Coll. Cass. LIV. 3. 4. — „Non
932 726 1756 788 sine multa“ „Ad haec cum sacris“.
881 761 2841 843 13977 lohanni, priori patriarchii basilicae Salvatoris Constantinianae (Lateranensis).
934 836 2105 907 Pflugk-Harttung Iter p. 290. — „Vigilanti atque“.
883 892 2843 954 13978 (9042) Monachis S. Mariae de Laurentio praecipit, ut ecclesiae de Colingham
932 938 2841 1013 decumas persolvant. Gilberti Foliot epist. ed. Giles II. 108, App. conc. Lat. XIII. 13,
932 1007 2841 1071 Coll. Lips. XXIII. 18, Coll. Cass. XXXV. 14, Coll. Bamb. XXV. 14, Comp. I. L. 3.
930 1051 2397 1115 t. 26. c. 19. — „Audivimus, quod decimas“ „Sicut vobis iura“.
883 1115 2843 1174 13979 (9043) Abbati et fratribus S. Laurentii praecipit, ut G. (al. C.) clerico terram
936 1170 2839 1232 quandam restituant. Comp. I. L. 5. t. 15. c. 10, Decr. Greg. L. V. t. 19. c. 8. —
936 1225 1486 1285 „Conquestus est nobis“.
881 1260 2843 1336 13980 (9044) Cuidam scribit de I. priore S. Laurentii et simoniae et adulterii accusato.
932 1322 2841 1393 Comp. II. L. 2. t. 15. c. 1, Decr. Greg. L. II. t. 21. c. 4. — „Pervenit ad audien-
925 1382 1089 1450 tiam“.
883 1428 2845 1501 13981 Ecclesiae S. Gerardi et hospitalis Lemovicensis tutelam suscipit, possessionesque
934 1492 2843 1556 et privilegia confirmat, petente Heliot, sacerdote et rectore hospitalis. In bibl. nat.
932 1545 2264 1607 Paris. ms. lat. 12764. f. 235. — „Quoties illud a nobis“.
881 1598 2841 1667 13982 (9048) G. archidiacono Lincolniensi praecipit, ut R. presbyterum „in sacerdotio
936 1665 2843 1720 genitum, cuius pater in eadem ecclesia de Bileberi ministraverit“, removeat. Gil-
932 1713 2839 1779 berti Foliot epist. ed. Giles II. 85, App. conc. Lat. XIX. 3, Coll. Cass. XXXIII. 3, Coll.
934 1760 2836 1832 Bamb. XXIII. 3, Comp. I. L. 1. 9. c. 2, Decr. Greg. L. I. t. 17. c. 2. GIn cod.
936 1819 2839 1890 Monac. Comp. I. „G. Linc.“ et in Decr. Greg. „Linconensi electo“ legitur inscriptio;
934 1872 2839 1945 Friedberg ideo suspicatur, epistolam G(odofredo) electo Lincolniensi directam esse,
934 1938 2841 2005 qui anno 1173 electus, anno 1182 non consecratus resignavit). — „Ad praesentiam
930 1989 1164 2051 nostram“.
881 2033 2841 2106 13983 (9049) Decano et canonicis Lincolniensibus (al. Lemovicensibus) scribit, se Her-
934 2102 2839 2164 berto subdiacono, ut assumeret uxorem, concessisse. App. conc. Lat. XVIII. 14,
927 2155 2839 2217 Coll. Lips. LXIV. 13, Coll. Cass. LXIII. 13, Coll. Bamb. LV. 13, Comp. I. L. 4.
927 2208 2565 2272 t. 6. c. 4, (Mansi XXI. 1092). — „Cum institisset“ „Cum adstitisset“.
881 2254 2839 2320 13984 (9050) Decano Lincolniensi et abbati de Rivaus (leg. Rievalle) mandat, ut si
934 2314 2839 2378 „P. clericus nullo metu vel vi coactus sed spontanee ecclesiam abrenunciaverit, ei
934 2373 2839 2433 super hoc perpetuum silentium imponant“. App. conc. Lat. XXII. 2, Coll. Lips.
932 2415 2836 2491 XXXIX. 2, Coll. Cass. XLV. 2, Coll. Bamb. XXXVI. 2, Comp. I. L. 2. t. 9. c. 2,
930 2482 2271 2548 Decr. Greg. L. II. t. 13. c. 3. — „Accepta conquestione“.
879 2530 2839 2597 13985 (9051) Episcopo cuidam scribit de iure patronatus ecclesiarum quarundam in
932 2592 2839 2654 Lincolniensi et Sarisberiensi dioecesibus sitarum. App. conc. Lat. XV. 14, Coll. Lips.
927 2636 2836 2714 LII. 19, Coll. Cass. LIII. 12, Coll. Bamb. XLV. 12, Comp. I. L. 3. t. 33. c. 17,
925 2703 2193 2764 Decr. Greg. L. III. t. 38. c. 14. — „Ex insinuatione“.
879 2749 2839 2820 13986 (9052) Episcopo Lingonensi scribit de controversia R. presbyteri et G., qui ab
927 2806 2839 2868 illo „pro ecclesia sua, de qua vitae neccessaria vix possit percipere, anuatim 20 so-
930 2859 2836 2930 lidos extorquere conatur“. Comp. II. L. 3. t. 3. c. 2, Decr. Greg. L. III. t. 4. c. 6.
927 2917 1553 2979 — „Conquerente nobis R.“
877 2952 2839 3034 13987 Transactionem inter fratres Lirenses et ecclesiam de Wiberna super decimis de
925 3027 2836 3087 Sapewic et de Hingost, „mediante Iohanne Cumin, ipsius ecclesiae persona“ (postea
923 3082 2836 3146 archiepiscopo Dublinensi), factam confirmat. Loewenfeld Epistolae p. 203. — „Ea
925 3140 1232 3202 quae nostri“.
874 3173 2836 3252 13588 (9053) G. Livonensi (al. F. Lenovensi., Linconensi, Lingoniensi) episcopo scribit,
925 3246 2836 3312 de P., qui „furtive diaconatus ordinem susceperit“. App. conc. Lat. XXVI. 9, Coll.
925 3297 2834 3363 Lips. XI. 9, Coll. Cass. XXI. 14, Coll. Bamb. XI. 9, Comp. I. L. 5. t. 25. c. 1, Decr.
925 3352 2834 3416 Greg. L. V. t. 30. c. 1. (Aut „Godofredo Lincolniensi“ aut „Gfodefrido seu Gual-
925 3403 2832 3484 terol Lingonensi“ inscriptio videtur corrigenda). — „Veniens ad nos P.“ „Veniens
927 3464 1979 3559 praesentium lator“ „Lator praesentium nobis“.
1111 161 2034 251 ALEXANDER III. 1159—1181.
