3007 3975
695 295 1022 379 1159— 1181.
726 351 2695 439 13989 Ecclesiam B. Mariae et S. Ursmari Lobiensem tuendam suscipit eiusque bona
775 421 2668 488 confirmat. (Fragmentum). Duvivier Recherches p. 634. — „Devotos et humiles“.
726 483 2691 545 13990 (9054) Episcopo Londinensi concedit, „si pro debilitate vel aliqua gravi necessi-
777 543 2693 602 tate tractandis causis, quae ei ab apostolica sede committantur, interesse non po-
777 589 2691 658 tuerit, ut discretis et idoncis personis vices suas committat“. App. conc. Lat. VII. 5,
777 653 2693 708 Coll. Lips. XXXV. 4, Coll. Cass. XLII. 4, Coll. Bamb. XXXIII. 4, Comp. I. L. 1.
773 693 2277 772 t. 21. c. 4, Decr. Gregr. L. I. t. 29. c. 3. — „Si pro debilitate“.
726 748 2693 819 13991 (9055) Episcopo Londinensi de appellatione ad sedem apostolicam respondet. App.
775 812 2691 881 conc. Lat. VII. 1, Coll. Lips. XXXV. 1, Coll. Cass. XLII. 1, Coll. Bamb. XXXIII. 1,
775 863 1915 936 Comp. I. L. 1. t. 21. c. 1. — „Cum tibi sit de“.
722 923 2693 987 13992 (9056. 9057) Episcopo Londinensi concedit, ut institutiones ab archidiaconis eo
777 973 2691 1037 inconsulto factas rescindat; scribit de puniendis clericis „fornicarias detinentibus“.
777 1033 2688 1097 App. conc. Lat. XVIII. 8, XXIV. 1, Coll. Lips. XII. 1, LXIV. 7, Coll. Cass. XXII. 1,
777 1082 2688 1154 LXIII. 7, Coll. Bamb. XII. 1, LV. 6, Comp. I. L. 3. t. 2. c. 7, L. 3. t. 7. c. 2,
777 1148 2439 1201 Decr. Greg. L. III. t. 2. c. 6. — „Ad aures nostras“ „Si autem clerici“.
722 1196 2688 1260 13993 (9058) Episcopo Londinensi mandat, ut Stephanum, „si contra compositionem,
777 1254 2691 1313 interpositione fidei firmatam, venerit, ab ecclesia non differat spoliare“. App. conc.
775 1307 2688 1378 Lat. XVII. 6, Coll. Lips. XVII. 8, Coll. Cass. XXVIII. 10, Coll. Bamb. XVIII. 8,
773 1362 1869 1419 Comp. I. L. 2. t. 17. c. 8. — „Si Stephanum“.
720 1413 2688 1479 13994 (9059) Episcopo Londinensi scribit: si mandatum apostolicum pro alicuius pro-
775 1466 2686 1537 visione receperit, qui aliud beneficium habeat, de quo valeat commode sustentari,
773 1530 2686 1594 mandatum suum exequi opus non esse. App. conc. Lat. XXX. 2, Coll. Lips. XXI. 2,
771 1576 2686 1651 Coll. Cass. XXXI. 2, Coll. Bamb. XXI. 2, Comp. I. L. 3. t. 5. c. 8, Decr. Greg.
771 1634 1754 1700 L. III. t. 5. c. 6. — „Cum teneamur ex“.
720 1689 2688 1757 13995 (9060) Episcopo Londinensi mandat, ut W. presbytero ecclesiam de Novoburgo
773 1749 2684 1815 restituat. App. conc. Lat. XIX. 5, Coll. Cass. XXXIII. 5, Coll. Bamb. XXIII. 5,
766 1799 2686 1866 Comp. I. L. 1. t. 9. c. 6, Decr. Greg. L. I. t. 17. c. 5. — „Veniens ad praesentiam“.
720 1848 2686 1919 13996 (9061) Episcopo Londinensi (al. Lingonensi) conccdit, ut „si ordinatio alicuius ec-
768 1908 2688 1976 clesiae ad eius institutionem spectet, et pro controversiis laicorum de iure patronatus
768 1967 2686 2027 differatur, in eadem ecclesia personam idoneam constituat“. App. conc. Lat. XV. 12, Coll.
773 2014 2684 2089 Lips. LII. 17, Coll. Cass. LIII. 10, Coll. Bamb. XLV. 10, Comp. I. L. 3. t. 33. c. 15,
773 2073 2529 2135 Decr. Greg. L. III. t. 38. c. 12. — „Si vero aliquando“ „Si vero ordinatio“.
720 2133 2686 2197 13997 (9062) Episcopo Londinensi mandat, ut monachorum de Nestun „seculariter vi-
775 2188 2682 2256 ventium“ disciplinam corrigat. App. conc. Lat. XXVII. 7, Comp. I. L. 3. t. 37. c. 7,
768 2232 2101 2301 Decr. Greg. L. III. t. 50. c. 7. — „Relatum est auribus“.
720 2287 2684 2365 13998 (9063) Episcopo Londinensi mandat, cogat monachos de Wardone (al. Warsiniae)
771 2354 2682 2415 ut terram quandam T. Eschalero et matri eius restituant. App. conc. Lat. XVI. 10,
766 2402 2682 2475 Coll. Lips. IX. 6, Coll. Cass. XX. 9, Coll. Bamb. IX. 6, Comp. I. L. 5. t. 15. c. 7.
775 2466 1542 2530 — „Ex transmissa conquestione“.
720 2517 2686 2574 13999 Episcopo Londinensi scribit, „ne monachi vel clerici causa lucri negotientur“.
768 2566 2682 2636 App. conc. Lat. XXVII. 3, Coll. Lips. XIV. 3, Coll. Cass. XXIV. 3, Coll. Bamb. XIV. 3,
766 2619 2680 2685 Comp. I. L. 3. t. 37. c. 5, Decr. Greg. L. III. t. 50. c. 6. — „Secundum instituta“.
718 2676 2682 2744 14000 (9064) Londinensi et Wigorniensi episcopis mandat, inducant Hospitalarios de
775 2731 2680 2800 A., ut decumas quasdam ecclesiae magistri N. (al. Hen.) persolvant. App. conc. Lat.
773 2784 2680 2855 XXIII. 22, Coll. Cass. XXXV. 18, Coll. Bamb. XXV. 18, Comp. I. L. 3. t. 26. c. 22.
771 2842 1831 2912 — „Deferente magistro“ „Referente magistro“.
718 2895 2682 2965 14001 (9065) Londinensi et Wigorniensi episcopis mandat, iudicent inter R. canonicum
766 2952 2682 3016 Lincolniensem et W. Salvagium, censum duorum byzantiorum annuum per biennium
768 3001 2677 3076 solvere recusantem. App. conc. Lat. XVII. 5, Coll. Lips. XVII. 7, Coll. Cass.
773 3067 2680 3131 XXVIII. 9, Coll. Bamb. XIX. 7, Comp. I. L. 2. t. 17. c. 7, Decr. Greg. L. II. t. 24.
766 3111 1347 3182 c. 10. — „Querelam R.“
718 3157 2680 3237 14002 (9066) Londinensi et Wigorniensi episcopis mandat de disceptanda causa R. et
768 3224 2680 3288 F., „H(enrico) regi Anglorum possessionum iudicium relinquens“. App. conc. Lat.
768 3272 2680 3352 XXXIII. 4, Comp. I. L. 4. t. 18. c. 7, Decr. Greg. L. IV. t. 17. c. 7. — „Causam,
768 3336 1053 3398 quae inter“.
718 3378 2680 3451 14003 (9067) Priori et fratribus S. Trinitatis Londinensis (al. Lundon., al. Lorido) con-
766 3445 2675 3542 cedit, „ut liceat iis in causis ecclesiae suae testimonium ferre“. App. conc. VIII. 18.
2311 3502 2403 3608 43*
956 136 1882 227 ALEXANDER III. 1159—1181.
2569 136 2695 231 387
