3007 3975
289 159 417 326 158
837 309 1162 404 1159— 1181.
914 364 2834 446 Coll. Lips. XLIII. 18, Coll. Cass. XLVIII. 14, Coll. Bamb. XXXIX. 15, Comp. I.
916 435 2832 516 L. 2. t. 13. c. 21, Decr. Greg. L. II. t. 20. o. 16. — „Insuper etiam auctori-
914 494 1058 560 tate“.
870 547 2836 616 14004 (9068) Abbati et fratribus de Lorengio (al. Dolon.) suadet, ut cum abbate et
916 609 2832 673 fratribus de Ursitum (al. Nisyon) „super decimis, unde inter eos sit controversia,
923 662 2832 724 pacifice conveniant“. App. conc. Lat. XIII. 4, Coll. Lips. XXIII. 9, Coll. Cass.
925 706 2832 786 XXXV. 5, Coll. Bamb. XXV. 5, Comp. I. L. 3. t. 26. c. 9, Decr. Greg. L. III. t. 30.
921 772 1665 836 c. 9. — „Suggestum est nobis“.
872 828 2834 894 14005 (9069. 9070) Episcopo Lucensi respondet: 1) de vidua, quae cum „velamen
925 883 2834 940 sumpsisset, postmodum anno elapso, cuidam nobili nupserit“; 2) diaconum, qui homi-
923 934 2839 993 cidio causam dedisse videatur, non esse ad sacerdotium promovendum; 3) „propin-
925 984 2836 1053 quos illius, quem pro manifestis excessibus, videlicet homicidio, incendio, violenta
925 1048 2839 1106 manuum iniectione in clericos, violatione ecclesiarum et incestu, vinculo excommu-
927 1104 2839 1166 nicationis astrinxerit, monendos esse, ut satisfactionem exhibeant; quod si fecerint,
927 1154 2839 1212 illum in coemeterio posse sepeliri“. App. conc. Lat. XLIV. 4, L. 52, Coll. Lips.
934 1212 2839 1269 VIII. 3, LIX. 50, Coll. Cass. XX. 3, LVIII. 34, Coll. Bamb. VIII. 3, LI. 33, Comp.
927 1265 2839 1327 I. L. 4. t. 6. c. 7, L. 5. t. 10. c. 12, L. 5. t. 14. c. 7, Decr. Greg. L. IV. t. 6.
925 1311 2841 1382 c. 4, L. V. t. 12. c. 11, Aguirre Conc. V. 96. — „Sane consuluit“ „Consuluit nos
925 1366 2514 1442 tua“ „Consuluit nos dilectio“ „De cetero noveris“ „De secunda vero“.
879 1428 2841 1495 14006 (9071) Episcopo Lucensi scribit de poenitentia clerici, qui „in quodam conflictu
932 1488 2839 1548 asserat se fuisse“. App. conc. Lat. XXVI. 11, Coll. Lips. XI. 11, Coll. Cass. XXI. 16,
925 1537 2839 1603 Comp. I. L. 5. t. 21. c. 3, Decr. Greg. L. V. t. 25. c. 3. — „Praesentium lator in“.
879 1594 2839 1656 14007 (9072) Archiepiscopo Lugdunensi (al. Lundensi) significat, se archiepiscopo Se-
932 1647 2841 1713 nonensi, apostolicae sedis legato, et episcopo Parisiensi mandasse, ut quendam ad
932 1704 2841 1768 restituendam pecuniam ei ablatam cogerent. App. conc. Lat. L. 35, Coll. Lips. LIII. 1,
930 1757 2839 1828 Coll. Cass. LIII. 24, Coll. Bamb. XLVI. 1, Comp. I. L. 3. t. 14. c. 2, Decr. Greg-
934 1806 1836 1868 L. III. t. 16. c. 1. — „Gravis illa et“.
881 1852 2845 1927 14008 (9073) Archiepiscopo Lundon. (Lundensi) dissuadet consilium episcopatus abdi-
932 1914 2845 1985 candi. App. conc. Lat. XXXII. 5, Coll. Cass. XL. 3, Coll. Bamb. XXX. 3, Comp. I.
934 1976 2558 2033 L. 1. t. 5. c. 2, Decr. Greg. L. I. t. 9. c. 1. — „Litteras tuas nuper“.
888 2029 2845 2095 14009 Abbati et conventui Maioris-monasterii scribit, sese sententiam ab abbate Le-
934 2089 2845 2148 cestriae et, quem sibi socium in causae cognitionem adiunxit, ab abbate Lilliseiae
934 2131 2843 2208 latam confirmare. Coll. Cantabr. in Cod. coll. S. Trinit. Cantabr. R. 9. 17. saec. XII.
934 2192 1606 2263 f. 87b. — „Quoniam abbas“.
885 2245 2845 2323 14010 (9075) Abbati et fratribus monasterii S. Michaelis Marturensis significat, de eorum
936 2309 2847 2369 cum plebano et clericis S. Mariae controversia quid archipresbytero Volaterrano et
936 2356 2845 2422 abbati de Spongia (Spognia) mandaverit. Addit, Iulium episcopum Florentinum „sibi
934 2409 2847 2479 intimasse, quaedam capitula privilegio iis nuper indulto esse inserta, quae obvia
934 2471 2847 2530 rationi videantur“; itaque remitti bullam iubet. App. conc. Lat. VIII. 15, Coll. Lips.
941 2519 2847 2590 XLIII. 15, Coll. Cass. XLVIII. 12, Coll. Bamb. XXXIX. 12, Comp. I. L. 2. t. 13.
934 2581 2470 2636 c. 19, Decr. Greg. L. II. t. 20. c. 19. — „Causam, quae vertitur“.
888 2627 2847 2696 14011 Canonicos Maturenses redarguit, quod populum certis diebus festis in mo-
936 2678 2847 2751 nasterio S. Michaelis, iuris S. Petri, convenire aut ibi sepulturam eligere sub excom-
941 2747 2845 2804 municationis interminatione prohibeant; fratrum iura libertatesque conservari iubet.
938 2800 2328 2866 Pflugk-Harttung Acta III. 281. — „Quanto vos (h)umiliori“.
890 2853 2850 2917 14012 (9077. 9253) Episcopo Massiliensi respondet: 1) de „hominibus parochiae unius
941 2910 2850 2968 ecclesiae, qui terras in alia parochia excolunt“; 2) „adversus ecclesias minorem prae-
941 2963 2845 3021 scriptionem quam 40 annorum a Romana ecclesia non admitti“. Comp. II. L. 2.
941 3009 2845 3089 t. 17. c. 1, L. 3. t. 17. c. 3, Decr. Greg. L. III. t. 30. c. 18, L. II. t. 26. c. 8. —
941 3065 1820 3138 „Cum sint homines“ „IIlud autem te“.
890 3124 2845 3195 14013 (9078) Decano et capitulo Maurianensi (al. Morinensi) praecipit, ut „si conti-
943 3182 2847 3244 gerit eorum episcopum ante solutionem debitorum, quae pro utilitate ecclesiae con-
943 3237 2847 3297 traxerit, ex hac luce migrare, de redditibus, qui spectent ad mensam eius, eadem
945 3297 2845 3363 debita solvant“. App. conc. Lat. XXIX. 9, Comp. I. L. 3. t. 19. c. 1, Decr. Greg.
943 3352 1774 3407 L. III. t. 23. c. 1. — „Ad hoc in“.
892 3396 2850 3471 14014 (9079) Episcopo Mauritiano (an Maurianensi?) respondet, „meliorem esse condi-
945 3449 2845 3559 fiomnem possidentis, quam quadragenslem praeseriptionem“. Coll. Lips. XIVI. 6.
1100 147 2021 253 ALEXANDER III. 1159— 1181.
