3007 3975
698 291 1022 377 1159 — 1181.
775 351 2697 439 Coll. Cass. I. 6, Coll. Bamb. XLI. 6, Comp. I. L. 2. t. 18. c. 9, Decr. Greg. L. II.
731 479 2702 545 14015 (9080) Archiepiscopo Mediolanensi mandat, ne decimas quasdam adimi episcopo
775 432 1659 494 t. 26. c. 6. — „Ad aures nostras, te“.
784 536 2699 611 Vercellensi patiatur. Coll. Lips. XXII. 5, Comp. I. L. 3. t. 26. c. 1. — „Querela
782 594 1071 655 venerabilis“.
729 633 2699 713 14016 (9081) Ecclesiam Meldensem tuendam suscipit, et canonicorum possessiones con-
748 695 2600 761 firmat. (Fragmentum). Du Plessis Hist. de Meaux II. 66. — „Cum nobis sit“.
729 759 2699 819 14017 (9082) Episcopo Meldensi significat, priorissam et conventum de Colonantia quae-
777 814 2697 881 siisse, num „iuvenis quidam, conversus earum, genitalibus destitutus, in presbyterum
782 872 2697 938 posset ordinari“. Mandat, cognoscat, utrum „ab hostibus sectus fuerit“, an a medicis,
777 925 2697 984 an „ipse sibi manum iniecerit“; „priores enim“ inquit „admittunt canones, tertium
784 982 2697 1042 velut homicidam statuunt puniendum. Coll. Luc. ap. Baluzii Misc. III. 374, Mansi
782 1029 2699 1097 XXI. 1102, Comp. I. L. 1. t. 12. c. 2; sed in Coll. Lips. XI. 21, et ap. Loewenfeld
779 1077 2425 1150 Epistolae p. 220, epistola Lucio III. tribuitur. — „Dilectae in Christo“.
729 1143 2699 1203 14018 Ecclesiae S. Nicasii (de Mellento) tutelam suscipit, possessionesque et privi-
784 1203 2697 1263 legia, petente Willelmo priore, confirmat. Ex Chartul. S. Nicasii f. 10. in bibl. nat.
782 1243 2439 1313 Paris. ms. lat. 13888. Misit Delisle. — „Religiosam vitam eligentibus“.
729 1309 2699 1378 14019 Fratribus ecclesiae Montis-Aragonis (Iesu Nazareni) significat, se et Iohannis
782 1364 2699 1428 Frontini et B. cuiusdam electionem cassare, mandatque ut alium sibi abbatem eligant.
777 1413 2697 1484 Coll. Lips. XXXI. 16, Comp. I. L. 1. t. 4. c. 22, Decr. Greg. L. I. t. 6. c. 10. —
782 1470 1327 1541 „Consideravimus quod“.
731 1514 2699 1592 14020 Capituli Morinensis altaria quaedam confirmat. Duchet et Giry Cart. de T6-
784 1585 1701 1649 rouane p. 52. — „Cum omnium iusta“.
733 1631 2699 1700 14021 (9083) Priori et praeposito Mortariensi mandat, iudicent inter coniuges quosdam.
779 1689 2695 1755 Coll. Lips. LIX. 45, Comp. I. L. 4. t. 9. c. 2, Decr. Greg. L. IV. t. 9. c. 2. —
782 1740 1363 1815 „Proposuit nobis mulier“.
731 1793 2702 1868 14022 (9084) Canonicis Mutinensibus respondet, „sobolem ex secundis nuptiis susceptam
782 1863 2697 1921 consortio cognationis prioris viri in quarto gradu coniungi de iure non posse“. Comp.
782 1908 2339 1983 I. L. 4. t. 15. c. 1, (Mansi XXI. 1092). — „Dilectus filius noster“.
731 1958 2699 2033 14023 (9085) Abbatem et fratres de Neubothe hortatur, ut fratribus S. Crucis de
784 2016 2697 2093 praediis quibusdam decumas persolvant. Gilberti Foliot epist. ed. Giles II. 109,
784 2069 2695 2146 App. conc. Lat. XIII. 2, Coll. Lips. XXIII. 2, Coll. Cass. XXXV. 2, Coll. Bamb.
784 2133 2697 2195 XXV. 2, Comp. I. L. 3. t. 26. c. 6, Decr. Greg. L. III. t. 30. c. 8. — „Dilecti filii nostri“.
731 2188 2699 2252 14024 (9086) Abbati de Neus scribit de excommunicatione quorundam solvenda. Coll.
784 2241 2618 2307 Lips. VII. 6, Comp. I. L. 5. t. 34. c. 11, Mansi XXI. 1094. — „Si forte post“.
731 2292 2699 2358 14025 (9087. 9241) Abbati Novi-monasterii Pictaviensis (al. de Neus, al. archiepiscopo
784 2345 2695 2422 Eboracensi) interdicit, ne absolvat eos, qui „in monasterio eius religionis habitum
782 2402 2695 2473 susceperint, et inter cetera postmodum confiteantur, se tale commisisse delictum, quod
786 2471 2697 2526 ipso actu excommunicationis sententiam incurrerint“. Addit de iis, qui violentas ma-
784 2521 2699 2579 nus in fratres eius iniecerint, adhortandis, ut Romam adeant. (Integra haec decre-
782 2574 2695 2634 talis epistola cum recta inscriptione tantummodo legitur in) Coll. Cantabr. in Cod.
784 2632 2697 2694 colleg. S. Trinit. Cantabr. R. 9. 17. saec. XII. fol. 76; App. conc. Lat. XIV. 2. 3,
782 2676 2697 2749 Coll. Lips. VII. 3. 4, Coll. Cass. XIX. 3. 4, Coll. Bamb. VII. 3, Comp. I. L. 5.
784 2731 2697 2811 t. 34. c. 8. 9, Decr. Greg. L. V. t. 39. c. 7. — „Consuluit nos“ „Consulit nos“ „Porro
782 2784 1022 2859 si aliqui“.
731 2844 2699 2908 14026 (9088) „Nomenensi episcopo mer“ significat, socium eius voto itineris Hierosoly-
782 2899 2695 2963 mitani a sese liberatum esse, ita tamen, „ut votum eleemosynis redimere debeat et
786 2956 2695 3029 toto vitae suae tempore uni pauperum tam in victu quam in vestitu providere“.
784 3016 1829 3067 Coll. Cass. XXXIX. 3. — „Bene audivimus“.
731 3062 2695 3129 14027 (9089. 9095) Episcopo Norwicensi respondet de causis delegatis. Addit, ne „clericos,
784 3111 2695 3184 in presbyteratu vel in aliis inferioribus ordinibus constitutos, in vicariis ecclesiarum
784 3177 2695 3237 alios substituere permittat“. App. conc. Lat. VII. 11. 12, XV. 19, XXXIX. 3, Coll.
784 3228 2697 3297 Lips. XXXV. 11. 12, LII. 24, Coll. Cass. XLII. 12. 13, LIII. 17, Coll. Bamb. XXII. 2,
786 3283 2693 3345 XXXIII. 11. 12, XLV. 17, Comp. I. L. 1. t. 20. c. 5, L. 1. t. 21. c. 9. 10, L. 3.
786 3343 2693 3403 t. 33. c. 22, Decr. Greg. L. I. t. 28. c. 4, L. I. t. 29. c. 7. 8, L. III. t. 38. c. 18.
784 3392 2693 3471 — „Significasti nobis per“ „Si quando vero“ „Si quando clerici“ „Si qui vero“ „Cle-
786 3449 1789 3551 ricos autem vel“ „Glericos in presbyteratu“.
958 132 1886 234 ALEXANDER III. 1159—1181.
2567 136 2699 231 389
