3007 3975
296 159 424 251 390
843 304 1168 395 1159— 1181.
872 359 2836 461 14028 (9090) Episcopo Nornicensi mandat, ut „si qnos clericos per collusionem fran-
923 443 2836 507 dem constiterit commisisse, eos beneficiis, super quibus collusum fuerit, perpetuo
925 503 2836 560 spoliet“. App. conc. Lat. XXVIII. 12, Coll. Lips. VI. 5, Coll. Cass. XVIII. 5, Coll.
923 549 2834 627 Bamb. VI. 5, Comp. I. L. 5. t. 18. c. 3, Decr. Greg. L. V. t. 22. c. 3. — „Audi-
923 605 1420 675 vimus in episcopatu“.
872 651 2839 728 14029 (9091. 9093) Episcopo Norwicensi respondet removendos clericos esse, qui iura-
927 726 2836 779 verint, se „maiorem pensionem soluturos nominc beneficii, praeter solitam pensionem“.
927 770 2836 836 Addit de clericis ab advocato praesentatis. App. conc. Lat. XVII. 4, Comp. I. L. 3.
919 828 2836 887 t. 33. c. 30, Comp. II. L. 2. t. 16. c. 2, Decr. Greg. L. II. t. 24. c. 11, L. IIIt. 38. c. 24.
923 881 2834 951 — „Tua nos fraternitas“ „Quia tua nos“ „Cum advocatus“ „Cum autem advocatus“.
874 936 2834 1002 14030 (9092) Episcopo Norwicensi scribit haec: „Si sacerdos sciat, aliquem esse reum
921 993 2834 1053 alicuius criminis, vel confessus fuerit, et emendare noluerit, nisi ordine iudiciario
925 1048 2836 1106 quis probare possit, non debet eum nominatim redarguere“ cet. App. conc. Lat.
927 1106 2834 1168 XL. 55, Coll. Lips. XXXII. 3, Coll. Cass. XLI. 6, Coll. Bamb. XXXII. 6, Comp. I.
925 1154 2834 1223 L. 1. t. 23. c. 6, Decr. Greg. L. I. t. 31. c. 2, cf. Friedbergi annotationem. — „Si
925 1205 1283 1278 sacerdos sciat“.
874 1267 2839 1336 14031 (9094) Episcopo Norwicensi de repraesentationibus personarum scribit. App.
925 1325 2836 1391 conc. Lat. XV. 19, Coll. Lips. LII. 24, Coll. Cass. LIII. 17, Coll. Bamb. XLV. 17,
921 1373 2476 1446 Comp. I. L. 3. t. 33. c. 22. — „Significasti“ „Ceterum si episcopi“.
872 1428 2839 1495 14032 (9096) Episcopo Norwicensi respondet de puella, quae, „infra nubiles annos cui-
923 1492 2834 1550 dam viro in uxorem tradita et ab ipso traducta, . . . ad nubiles annos perveniens,
923 1539 2834 1601 alii nubendi licentiam postulavit“, et asseruit, se a viro cognitam non esse, cum vir
923 1598 2832 1662 contrarium affirmaret. App. conc. Lat. VI. 10, Coll. Lips. LIX. 20, Coll. Cass. LVIII. 10,
923 1647 2834 1711 Coll. Bamb. LI. 9, Comp. I. L. 4. t. 2. c. 8, Decr. Greg. L. IV. t. 2. c. 6. — „Con-
925 1702 1922 1766 tinebatur in litteris“ „Continebatur autem“.
872 1760 2836 1830 14033 (9097) Episcopo Norwicensi mandat, ut in lite Huberti et magistri N. investiget,
923 1817 2836 1877 utri Emma abbatissa S. Mariae Wintoniensis decimam litigiosam prius concesserit.
927 1870 2832 1936 App. conc. Lat. XLVII. 5, Comp. I. L. 3. t. 9. c. 2, Decr. Greg. L. III. t. 10. c. 2.
930 1923 1595 1983 — „Continebatur in litteris“.
872 1969 2836 2044 14034 (9098) Episcopo Norwicensi et Waltero archidiacono mandat, ut G. (al. Hug.)
923 2038 2836 2102 presbyterum iubeat vicariam ecclesiae de Burnel (al. Buruvelle) dimittere. App. conc.
925 2093 2832 2155 Lat. XXX. 5, Coll. Cass. XXXI. 5, Coll. Bamb. XXI. 5, Comp. I. L. 1. t. 20. c. 2,
923 2142 2286 2203 Decr. Greg. L. I. t. 28. c. 1. — „Ad audientiam nostram“.
872 2192 2834 2267 14035 (9099) Episcopo Norwicensi et abbati de Evesham scribit de lite inter H. cle-
923 2254 2832 2323 ricum et R. App. conc. Lat. XXXVI. 2, Comp. I. L. 2. t. 19. c. 8, Decr. Greg.
923 2307 2253 2369 L. II. t. 27. c. 6. — „Scripsimus vobis“ „Cum aliquibus“.
872 2356 2832 2431 14036 (9100) Episcopo Norwicensi et T. Wi. archidiaconis scribit de matrimonio W.
923 2418 2830 2484 et A. viduae, „inter quos scandalum sit obortum, cuius occasione vir debitum ei
923 2475 2830 2537 coniugale subtraxerit“. App. conc. Lat. VI. 11, Coll. Lips. LIX. 21, Coll. Cass.
925 2521 2832 2599 LVIII. 11, Coll. Bamb. L. 10, Comp. I. L. 2. t. 19. c. 9, Decr. Greg. L. II. t. 27.
921 2581 1692 2654 c. 7. — „Lator praesentium W.“
870 2625 2836 2705 14037 (9101) I. apostolicae sedis legato scribit „de ecclesiis censualibus episcopatus
923 2694 2830 2756 Novacen. (al. Novariensis)“. Coll. Lips. XXXIV. 3, Comp. II. L. 5. t. 14. c. 1, Decr.
916 2747 2518 2815 Greg. L. V. t. 33. c. 8. — „Accepimus litteras“ „Recepimus litteras“.
870 2795 2834 2864 14038 (9102) Parthenonem Nun-Eatonensem tuendum suscipit eiusque bona ac iura con-
916 2850 2812 2919 firmat, petente Aeliz priorissa. Monast. Anglic. I. 520. — „Desiderium, quod ad“.
870 2903 2828 2979 14039 *Oscensi, Caesaraugustano et Pampilunensi episcopis mandat, ut Petrum Daxazar,
923 2968 2832 3036 nisi uxori Willelmi de Castro-vetulo ablatum castellum reddiderit, apud regem de-
921 3023 2715 3082 nuntient; quod si effectu careat, eum excommunicent. Neues Archiv VI. 301.
872 3071 2832 3140 14040 *Regem Aragonensem rogat, ut uxori et liberis Willelmi de Castro-vetulo iustitiam
916 3133 1840 3191 exhiberi curet. Neues Archiv VI. 301.
872 3180 2832 3248 14041 (9103) Episcopo Oscensi et priori S. Mariae Caesaraugustano scribit de M., mu-
921 3239 2830 3303 liere viri nobilis Ateoreliae, monacha facta. App. conc. Lat. L. 13, Comp. I. L. I.
921 3290 2825 3361 t. 31. c. 1, Decr. Greg. L. I. t. 40. c. 1. — „Relatum est ad“ „Relatum est auribus“
921 3343 1356 3411 „Perlatum est ad“.
872 3398 2832 3469 14042 (9104) Archiepiscopo Parnormitano respondet, „non posse in recipienda pecunia
923 3458 2830 3566 ad usuram dispensationem fieri, ut pauperes, qui in Saracenorum captivitate tencan-
1104 150 2028 253 ALEXANLER III. 1159—1181.
