3007 3975
684 287 1014 377 1159— 1181.
768 342 2680 432 tur, per eandem possint pecuniam liberari“. App. conc. Lat. XVI. 1, Coll. Lips.
771 421 2680 490 IX. 1, Coll. Cass. XX. 4, Coll. Bamb. IX. 1, Comp. I. L. 5. t. 15. c. 3, Decr. Greg.
766 477 2258 545 L. V. t. 19. c. 4. — „Super eo vero, quod“ „Super eo, quod a“.
715 532 2686 591 14043 (9105) Archiepiscopo Panormitano respondet de iis, „qui praestito iuramento
768 589 2680 653 promittunt, se aliquas mulieres ducturos et postea eis incognitis dimittunt terram“.
773 642 2682 708 App. conc. Lat. VI. 12, Coll. Lips. LIX. 22, Coll. Cass. LVIII. 12, Coll. Bamb. LI. 11,
768 700 2684 770 Comp. I. L. IV. t. 1. c. 4, Decr. Greg. L. IV. t. 1. c. 5, t. 5. c. 3. — „De illis
764 753 956 817 autem“.
720 801 2688 872 14044 (9106) Archiepiscopo Panormitano respondet de puniendis Saracenis, qui mu-
766 863 2684 923 lieres Christianas puerosque rapiunt et iis abuti praesumunt. Addit de eo, qui „uxo-
768 918 2686 980 rem fratris sui cognovit“. App. conc. Lat. L. 48, Coll. Cass. LIX. 9, Comp. I. L. 5.
766 962 2686 1035 t. 14. c. 3, Comp. II. L. 4. t. 7. c. 2, Decr. Greg. L. IV. t. 13. c. 3, L. V. t. 17.
766 1029 1948 1095 c. 4. — „In archiepiscopatu“ „De illo autem, qui“.
718 1077 2688 1146 14045 (9107) Archiepiscopo Panormitano scribit, ne ecclesias patiatur a clericis „sine
768 1139 2688 1199 autoritate et conscientia sua in manibus advocatorum resignari“. App. conc. Lat.
768 1190 1648 1252 XV. 25. — „Insinuatum est auribus“.
720 1236 2688 1316 14046 (9108) Archiepiscopo Panormitano (al. episcopo Vigiliensi) respondet, „clericos
766 1302 2688 1364 seculares de mobilibus vel immobilibus rebus, quas consideratione ecclesiae perce-
768 1358 2686 1424 perint, nullum posse facere testamentum“. App. conc. Lat. XXIX. 5, Coll. Cass.
773 1400 2684 1479 XXVII. 4, Coll. Bamb. XVII. 3, Comp. I. L. 3. t. 22. c. 6, Decr. L. III. t. 26. c. 9.
771 1464 1365 1534 — „Quia nos tua duxit“.
722 1517 2688 1587 14047 (9109) Consulibus Papiae interdicit, ne „de decimis vel de ecclesiasticis negotiis
771 1583 2688 1643 se intromittant“. Coll. Lips. XXII. 4, Comp. I. L. 2. t. 1. c. 4, (Mansi XXI. 1084).
773 1636 1383 1700 — „Relatum est auribus“.
718 1680 2688 1760 f14048 (9110) Episcopo Parisiensi scribit, „maritis etiam ex sola suscipione uxores ac-
775 1749 2688 1806 cusare permissum esse“. (Male Alex. III. inscribitur, est enim ex concilio quodam
771 1788 2688 1859 Parisiensi). Coll. Lips. XXII. 7, Comp. I. L. 5. t. 13. c. 5, Decr. Greg. L. V. t. 16.
768 1855 1354 1910 c. 4. — „Maritis etiam“.
724 1894 2688 1972 14049 (9111) Episcopo Parisiensi, et abbati S. Remigii, ac decano Meldensi mandat,
773 1963 2688 2033 ut ecclesiam de Alde iubeant R. restitui. Comp. II. L. 2. t. 7. c. 2. — „Con-
771 2020 1193 2082 questus et nobis“.
720 2069 2686 2137 14050 (9112) Episcopo Parisiensi, et abbati S. Remigii, ac decano Meldensi mandat,
773 2122 2688 2192 ut inter fratres Arremarenses corumque abbatem iudicium faciant, quem „monasterii
775 2173 2688 2245 bona dilapidasse et inutilem esse et sortilegum“ illi accusaverint. App. conc. Lat.
777 2237 2688 2307 XXII. 3, Coll. Lips. XXXIX. 3, Coll. Cass. XLV. 4, Coll. Bamb. XXXVI. 3, Comp.
773 2292 1831 2351 I. L. 2. t. 9. c. 3. — „Fratres Aremarenses“.
722 2338 2688 2409 14051 (9113) Simoni, archidiacono Parisiensi, interdicit, ne „pro intronixatione abbatis“
775 2402 2686 2464 a fratribus ecclesiae S. Victoris pecuniam exigat. Duchesne H. Fr. SS. IV. 569,
777 2453 2688 2517 Martene Coll. VI. 248, Bouquet Rec. XV. 913, Mansi XXI. 973. — „Cum si vir“.
722 2510 2691 2572 14052 (9114) Episcopo Parmensi (al. Parisiensi) de matrimonio quodam investigando
775 2563 2691 2625 respondet, licet absens sit maritus, qui propter homicidium et civitate egressus sit
775 2612 2688 2683 et literis episcopalibus quaesitus per quinquennium inveniri non potuerit. Comp. I.
777 2674 2691 2736 L. 4. t. 19. c. 1, Decr. Greg. L. IV. t. 18. c. 1. — „Relatum nobis est“ „Relatum
773 2727 1029 2793 est nobis“.
726 2773 2693 2846 14053 Monasterii S. Michaelis Passignanensis possessiones et iura confirmat, petente
775 2839 2377 2908 Hugone abbate. Pflugk-Harttung Iter p. 291. — „Officii nostri nos“.
722 2888 2691 2963 14054 (9115) Episcopo Patavino respondet de matrimonio nobilis cuiusdam viri, ex-
777 2950 2691 3018 communicati pro nece quondam Vincentini episcopi. Comp. I. L. 2. t. 1. c. 9, Decr.
777 3007 1818 3062 Greg. L. II. t. 1. c. 7. — „Intelleximus ex“.
729 3045 2695 3118 14055 (9116) Episcopo Patavino respondet de muliere, quae „a proprio viri sui fratre
777 3113 2691 3177 se desponsari permiserit“. Comp. I. L. 4. t. 17. c. 2, Decr. Greg. L. IV. t. 16. c. 1.
782 3162 1243 3233 — „Litterae, quas“.
726 3210 2693 3281 14056 Episcopum Patavinum iudicem constituit inter clericos plebis S. Floriani et cle-
777 3277 2611 3334 ricos S. Laurentii de Arcerata. Coll. Lips. XXXI. 17. — „Cum clerici plebis“.
731 3327 2693 3389 14057 Episcopo Patavino mandat, ut in causa inter filium Turisindi et M. eius uxorem
782 3383 2691 3447 alios etiam testes ab altera parte praesentatos recipiat, si attestationes adhuc non
782 3445 2200 3551 sint publicatae. Colt. Lips. Xdsd4I. 1. — „Lanotuit nobis ox“.
950 125 1875 229 ALEXANDER III. 1159—1181.
2554 132 2682 225 391
