3007 3975
285 150 415 245 392
835 295 1157 386 1159—1181.
863 359 2830 448 14058 (9117) Episcopo Pictaviensi haec scribit: „P. praesentium lator . . . . . quandam
914 435 2828 505 duxerat in uxorem, quam quidam dissuaserunt ei per mensem, ex quo eam duxerat,
916 499 2830 560 carnaliter cognoscere. Contigit autem, sicut dixit, quod pater iussit uxorem suam,
916 545 2830 607 quae sponsae mater erat, in huius lecto iacere, quam diabolo suggerente cognovit.
923 602 2830 666 Transacto vero mense tam pater quam alii propinqui coegerunt, ut matrimonium
919 662 2830 724 cum sponsa sua consummaret; quod facere noluit“, cet. Quid faciendum sit, ex-
919 711 2830 781 ponit. App. conc. Lat. XII. 4, Coll. Lips. LX. 5, Coll. Cass. LIX. 4, Comp. I. L. 4.
916 766 2474 834 t. 13. c. 3, Decr. Greg. L. IV. t. 13. c. 2. — „Veniens ad nos P.“
870 808 2834 885 14059 (9118) Episcopo Pictaviensi mandat, cogat G., ut secundum iusiurandum datum
919 878 2830 947 puellam quandam in matrimonium ducat. App. conc. Lat. VI. 26, Coll. Lips. LIX. 37,
919 936 2830 998 Coll. Cass. LVIII. 25, Coll. Bamb. LI 24, Comp. I. L. 4. t. 1. c. 9, Decr. Greg.
914 982 2003 1053 L. IV. t. 1. c. 10. — „Ex litteris venerabilis“.
872 1033 2834 1101 14061 (9119) Archiepiscopo Pisano consulenti de eo, qui invita uxore monasterium in-
919 1099 2834 1157 gressus idque relinquere coactus sit, utrum uxore mortua in monasterium redire de-
923 1154 2836 1210 beat an aliam in matrimonium ducere, respondet. App. conc. Lat. V. 2, Coll. Lips.
919 1203 2832 1269 LVIII. 2, Coll. Cass. LVII. 2, Coll. Bamb. L. 2, Comp. I. L. 3. t. 28. c. 3, Decr. Greg.
916 1249 1831 1327 L. III. t. 32. c. 3. — „Quidam intravit“.
870 1302 2832 1382 14062 V(illano) archipresbytero et canonicis (Pisanis. Bulla est mutila) Pflugk-Hart-
916 1366 1842 1437 tung Iter p. 291. — „Litteras vestras“.
870 1419 2834 1490 14063 (9120) Ricardum Gentilem, nobilem virum, ab infestando monasterio Piscariensi
916 1479 2832 1554 dehortatur. Chron. Casaur. ap. Muratori R. It. SS. II. II. 905. — „Super pru-
916 1539 1111 1603 dentia“.
870 1583 2834 1651 14064 Episcopo, praeposito, archipresbytero et capitulo Pistoriensi scribit, nobilem vi-
919 1638 2830 1709 rum A. filium Bructi Pistoriensis sibi nuntiasse, praepositum eorum in plebe de Vil.
919 1700 2834 1760 clericum et in capella S. Pantaleonis presbyterum ex proprio arbitrio instituisse, unde
919 1753 2834 1817 parrochiani in seditionem versi ecclesias destruere minarentur; quas, clerico et pres-
916 1810 2794 1872 bytero amotis, reordinari iubet. Coll. Lips. XXI. 4. — „Discordiae et scissurae“.
870 1863 2836 1927 14065 (9121) Episcopo Placentino respondet „de usurariorum filiis, qui eis in crimine
921 1921 2834 1983 usurarum defunctis succedunt“. Comp. I. L. 5. t. 15. c. 11, Decr. Greg. L. V. t. 19.
916 1974 1533 2038 c. 9. — „Tua nos duxit“.
870 2022 2836 2089 14066 (9122) Episcopo Placentino respondet de „novis testibus super quaestione iudi-
916 2073 2836 2142 cata“. App. conc. Lat. VIII. 12, Coll. Lips. XLIII. 12, Coll. Cass. XLVIII. 9, Coll.
919 2137 2828 2206 Bamb. XXXIX. 9, Comp. I. L. 2. t. 13. c. 17, Decr. Greg. L. II. t. 20. c. 17. —
921 2184 1889 2256 „Ut autem haec“ „Fraternitatis tuae nos“.
870 2243 2836 2318 14067 (9123) Presbyteros Pontii et Asilii (corr. Pontiae et Afillae) iubet quarta feria
919 2303 2839 2362 proximae hebdomadis ad sese venire, ut in causa episcopi Praenestini et abbatis
921 2360 2836 2415 Sublacensis testimonium dicant. App. conc. Lat. VIII. 1, Coll. Lips. XLV. 1, Coll.
916 2407 2836 2477 Cass. XLIX. 1, Coll. Bamb. XL. 1, Comp. I. L. 2. t. 14. c. 3, Decr. Greg. L. II.
919 2464 2834 2530 t. 21. c. 2. (Inscriptio decretalis quomodo recte corrigenda sit, docet Albini codex,
919 2517 2830 2588 cuius notitiam dedit Stevenson in Arch. della soc. Rom. di stor. patr. VIII. 372). —
921 2577 1383 2638 „Cum super causa“.
870 2616 2839 2700 14068 (9124) Fratribus ecclesiae Ramensis praecipit, ut „de terris, quas in decimatione
923 2685 2839 2749 thesaurarii Senonensis (al. Sevensis) propriis manibus non excolant decimas usur-
923 2729 2839 2811 pare nullatenus praesumant“. App. conc. Lat. XIII. 6, Coll. Lips. XXIII. 11, Coll.
921 2786 2839 2855 Cass. XXXV. 7, Coll. Bamb. XXV. 7, Comp. I. L. 3. t. 26. c. 11, Decr. Greg. L. III.
919 2850 1836 2917 t. 30. c. 11. — „Licet de benignitate“.
872 2897 2839 2979 14069 (9125) Abbati Ramesiensi et archidiacono Eliensi mandat, ut inter monachos
923 2959 2839 3023 Croylandenses et canonicos Lincolnienses et Gervasium clericum super ecclesiis qui-
925 3007 2839 3071 busdam iudicium faciant. App. conc. Lat. XLI. 6, Coll. Lips. XL. 2, Coll. Cass.
923 3065 2836 3142 XLVI. 2, Coll. Bamb. XXXVII. 2, Comp. I. L. 2. t. 10. c. 2, Decr. Greg. L. II.
923 3115 1756 3191 t. 14. c. 2. — „Ex litteris vestris“.
874 3160 2836 3248 14070 (9126) Archiepiscopo Ravennati mandat, ut discordiam monialium S. Margarethae,
927 3230 2839 3292 in eligenda abbatissa ortam, infra XL dies componat. Si autem in causa procedere
925 3283 2839 3347 non poterit, eam I(Idebrando), basilicae XII. apostolorum presbytero cardinali, apost.
925 3343 2839 3400 sedis legato, et priori S. Victoris terminandam committat. App. conc. Lat. XL. 5,
925 3394 2839 3462 Coll. Lips. XXXI. 6, Coll. Cass. XL. 4, Coll. Bamb. XXX. 4, Comp. I. L. 1. f. 4.
925 3449 2326 3557 c. 17. Decr. Greg. L. I. t. 6. e. S. — „Causam, quae inter“.
1093 143 2021 240 AL.EXANDER. III. 1159—1181.
