3007 3975
693 282 1025 366 1159—1181.
726 342 2695 428 14071 (9127) Archiepiscopo Ravennati respondet de recusationibus ac de causa B.
777 426 2695 485 (al. H.) et Balduini nepotis. App. conc. Lat. X. 16, Coll. Lips. XLVII. 16, Coll.
775 477 2697 547 Cass. LI. 15, Coll. Bamb. XLII. 15, Comp. I. L. 2. t. 20. c. 18. — „Consuluit nos
775 527 1524 587 fraternitas“ „Consuluit nos tua“.
729 571 2695 647 14072 Abbatem S. Apollinaris in Classe, cum ecclesia quadar paupere litigantem, a
777 640 2695 708 iudicio G. archiepiscopi Ravennatis ad sedem apostolicam appellasse miratur, cet.
775 693 1822 764 Coll. Lips. XLVII. 8. — „Significavit nobis“.
729 750 2693 812 14073 (9128) Archiepiscopo Ravennati (al. Remensi) respondet, se abbatem S. Apolli-
777 808 2693 865 naris, qui ab eo „generalem appellationem interposuerit, exinde redarguisse“.
782 861 2695 925 App. conc. Lat. X. 2, Coll. Lips. XLVII. 2, Coll. Cass. LI. 25, Coll. Bamb. XLII. 24,
775 907 2695 982 Comp. I. L. 2. t. 20. c. 2 et 28, Decr. Greg. L. II. t. 28. c. 2. — „Inter cetera
775 973 1531 1033 quod“ („Super eo, quod abbas“).
731 1015 2695 1090 14074 (9129) G. archiepiscopum Ravennatem hortatur, ne „de cetero moveatur neque
775 1075 2691 1143 turbetur, si ei durum vel asperum scripserit“. Coll. Lips. LI. 4, Coll. Cass. LII. 4,
775 1126 2693 1196 Coll. Bamb. XLII. 4, Comp. I. L. 1. t. 2. c. 5, Decr. Greg. L. I. t. 3. c. 5. — „Si
773 1188 1557 1254 quando tuae“ „Si quando aliqua“.
726 1238 2693 1309 14075 (9130) Archiepiscopo Remensi (al. episcopo Andrensi) respondet de eo, qui
777 1300 2691 1366 „uxori suae nunquam carnale debitum reddidit vel reddere potuit“. App. conc. Lat.
779 1344 2693 1424 VI. 24, Coll. Lips. LIX. 34, Coll. Cass. LIX. 34, Coll. Bamb. LI. 21, Comp. I.
775 1411 1805 1477 L. 4. t. 16. c. 2. — „Super eo vero, quod“.
724 1466 2691 1532 14076 (9131) Archiepiscopo Remensi (al. Episcopo Andrensi) respondet de diacono,
779 1510 2693 1585 „qui in sabbato sancto alium diaconum vulneraverit et mulierem uxoris nomine acce-
777 1565 2691 1638 perit“, cet. App. conc. Lat. XXVI. 21, Coll. Lips. XI. 17, Coll. Cass. XXI. 25,
777 1634 2688 1693 LXIII. 11, Coll. Bamb. XI. 17. Comp. I. L. 4. t. 6. c. 1, L. 3. t. 26. c. 26, Decr.
777 1689 2660 1740 Greg. L. III. t. 30. c. 14, L. IV. t. 6. c. I. — „De diacono“ „Parochianos vero“.
726 1740 2691 1799 14077 (9132) Archiepiscopo Remensi mandat, cogat comitem Clarimontis, ut quod
775 1790 2693 1857 susceperit Hierosolimam eundi votum exequatur. Comp. II. L. 3. t. 21. c. 3, Mansi
777 1841 1745 1905 XXI. 1098. — „Ad audientiam nostram“.
722 1890 2693 1965 14078 (9133) Archiepiscopo Remensi mandat, cogat comitem de Dampetra, ut I. pres-
775 1961 2691 2020 bytero ablatas decumas restituat. App. conc. Lat. XXVIII. 7. — „Querelam, I. pres-
773 2011 961 2080 byteri“.
724 2058 2688 2131 14079 (9134) Archiepiscopo Remensi significat, controversiam Martiensis (al. Martinensis,
779 2122 2691 2184 Macularensis) et Formoselensis (al. Formolensis) ecclesiarum, super decimis de villa
775 2179 2691 2237 Levinga agitatam, quomodo diiudicaverit. App. conc. Lat. XXXVIII. 3, Coll. Lips.
779 2234 2691 2301 XLVI. 5, Coll. Cass. L. 5, Coll. Bamb. XLI. 5, Comp. I. L. 2. t. 18. c. 8. — „Contro-
777 2285 1268 2354 versiam, quae inter“.
726 2336 2693 2409 14080 Remensi et Rothomagensi archiepiscopis mandat, ne a fratribus Cisterciensibus
777 2398 2688 2460 decimas de terris, quas propriis manibus aut sumptibus colant, exigi patiantur. Re-
777 2444 2691 2513 gest. in Memorias de litteratura Portugueza V. 312, Neues Archiv VI. 394. — „In-
775 2497 1283 2574 timatum est auribus“.
724 2546 2691 2621 14081 Archiepiscopo Remensi et episcopo Bello(vacensi) mandat, ut Io. canonico Sil-
777 2616 2691 2676 vanectensi, si eum cum A. muliere in fornicatione publice fuisse comprehensum con-
775 2663 2691 2733 stiterit, poenitentiam iniungant et canonicos Silvanectenses ad recipiendum eum in
775 2729 2463 2793 ecclesia sua non cogant. Coll. Lips. I. 19. — „Constitutus in presentia“.
722 2775 2691 2842 14082 (9135) F. decano et magistro R. Remensi mandat, cogant monachos S. Vincentii
777 2835 2693 2897 Laudunenses (al. Lugdonen.), „ut omnia cuiusdam mulieris et filii Randulfi Canis et
777 2890 2693 2950 beneficia, quae occasione sepulturae ipsorum receperint, fratribus S. Martini resti-
775 2945 2691 3007 tuant“. Comp. II. L. 3. t. 15. c. 2, Decr. Greg. L. III. t. 28. c. 6. — „Cum libe-
773 2992 998 3062 rum sit“.
722 3045 2691 3113 14083 (9136) Fulconi decano et magistro R. canonico Remensi mandat, iudicent inter
777 3104 2691 3166 P. civem Remensem et A. presbyterum, excommunicatione solutum. Coll. Luc. ap.
775 3160 2688 3224 Baluzii Misc. III. 382, Comp. II. L. 2. t. 15. c. 3, Mansi XXI. 1095, 1108. — „Cum
777 3219 1129 3283 causam, quae“.
724 3259 2688 3341 14084 (9137) Abbati Remestrensi (al. Ramesiensi) et archidiacono Exoniensi mandat,
777 3327 2688 3385 ut iudicent inter V. et R. clericos, de ecclesia quadam litigantes. App. conc. Lat.
777 3374 2686 3469 XIVII. 8, Comp. II. I. 3. t. 6. c. 5, cf. ed. Friedbergianam inter Add. et Corrig.
782 3433 1449 3528 — „Veniens ad apostolicae“.
205 3464 764 3573 negert. Font. omnrn. E4. ere. nI.
2346 3484 2421 3601 5o
965 125 1889 227 ALEXANDER. III. 1159—1181.
2569 134 2699 236 393
