3007 3975
267 150 393 322 „„
808 289 1140 384 1159— 1181.
843 348 2810 443 14085 (9138) (Abbati de Rivesham et decano et archidiacono Lincolniensi) scribit de
890 430 2808 490 lite canonicorum de Giseburne et R. clerici. App. conc. Lat. XV. 22, Coll. Lips
892 474 2801 558 LII. 26, Coll. Cass. LIII. 19, Coll. Bamb. XLV. 19, Comp. I. L. 3. t. 33. c. 24. —
897 532 1358 605 „Dilecti filii nostri“.
846 580 2808 664 14086 (9139) Archiepiscopo Rotomagensi respondet de iuvene a Nicolao Sagantino
899 653 2805 715 nutrito, cum filiis ipsius Nicolai „paternam“ hereditatem petente. App. conc. Lat.
899 700 2803 772 VIII. 11, Coll. Lips. LXIII. 3, Coll. Cass. LXII. 3, Coll. Bamb. LIV. 5, Comp. I.
892 759 2578 819 L. 4. t. 18. c. 3, Decr. Greg. L. IV. t. 17. c. 3. — „Transmissae nobis“.
846 803 2808 878 14087 (9140) Archiepiscopo Rotomagensi et abbati Geomar (al. Episcopo Dulmensi) scribit
899 870 2808 936 de appellationibus captiosis. App. conc. Lat. XLIX. 5, Coll. Lips. VI. 6, Coll. Cass. XVIII. 6,
890 923 2805 989 Comp. I. L. 3. t. 33. c. 1, Decr. Greg. L. I. t. 42. c. 1. — „Ex quorumdam certa“.
846 980 2808 1042 14088 Archiepiscopo Rotomagensi de debitis restituendis scribit. Coll. Cantabr. in Cod.
897 1031 2580 1090 coll. S. Trinit. Cantabrig. R. 9. 17. saec. XII. f. 92. — „Qui iuraverint“.
848 1088 2812 1154 14089 Archiepiscopo Rotomagensi haec scribit: „Suspensio vel excommunicatio post
897 1143 2812 1207 appellationem facta nullius est momenti, sed omnia maneant in eodem statu, in quo
897 1190 2434 1265 prius fuerant“, cet. Coll. Cantabr. I. I. f. 92“. — „Suspensio vel“.
848 1245 2810 1320 14090 Priori et canonicis S. Thomae apud Rotomagum, leprosorum curam agentibus,
897 1307 2812 1371 ecclesiam S. Salvatoris de Noeton asserit. Langlois Hist. du prieuré du Mont-aux-
899 1362 2085 1419 malades-lés-Rouen p. 425. — „Quanto maius onus“.
848 1404 2812 1486 14091 (9141. 9143. 9145. 9146. 9148) Archiepiscopo Salernitano respondet 1) quae-
899 1464 2810 1534 renti, „utrum si inter virum et mulierem legitimus consensus intervenerit de prae-
899 1523 2812 1590 senti, carnali copula non secuta, liceat mulieri alii nubere; 2) „utrum filii aut filiae
899 1578 2812 1645 ante vel post compaternitatem geniti possint adinvicem copulari“; 3) „si vir vel
901 1636 2812 1693 mulier scienter vel ignoranter filium suum de sacro fonte susceperint“, eos non esse
903 1682 2810 1757 propter hoc ab invicem separandos nec alterum alteri debitum debere subtrahere;
905 1746 2812 1808 4) „laicos in accusationem vel testimonium contra clericum in criminalibus non esse
903 1804 2814 1861 admittendos“, cet.; 5) „de quarta decimae et oblationis defunctorum clericum ab im-
903 1852 2812 1925 petitione episcopi quadragenaria temporis praescriptione se posse tueri“; 6) de „cle-
903 1912 2808 1978 ricis coram iudice seculari convictis de crimine“, de duello a clerico sponte oblato,
905 1965 2812 2036 de presbytero Campaniae qui „in duello partem digiti amiserit“, de presbytero qui
908 2018 2812 2086 puerum interemerit. App. conc. Lat. V. 1, VI. 8, VIII. 8. 9, XXVI. 4. 5. 6. 7,
908 2069 2812 2142 XXXII. 1. 2, XXXVIII. 1, Coll. Lips. XI. 4. 5. 6. 7, XLIII. 9. 10, XLVI. 1, LIX. 5,
905 2117 2812 2192 LVIII. 1, LXII. 1. 2, Coll. Cass. XXI. 8. 9. 10. 11, XLVIII. 6. 7, L. 1, LVII. 1,
908 2179 2812 2250 LVIII. 6, LXI. 1. 2, Coll. Bamb. XI. 5, XXXIX. 6. 7, XLI. 1, LI. 5, LIV. 1. 2, L. 1,
901 2226 2812 2301 Comp. I. L. 4. t. 4. c. 3, L. 3. t. 28. c. 2, L. I. t. 12. c. 1, L. 2. t. 13. c. 14,
908 2292 2814 2358 L. 4. t. 11. c. 1 et 2, L. 2. t. 13. c. 15, L. 2. t. 1. c. 6, L. 5. t. 10. c. 8, L. 5.
903 2349 2814 2413 t. 12. c. 1, L. 2. t. 18. c. 6, Decr. Greg. L. IV. t. 4. c. 3, L. III. t. 32. c. 2, L. IV.
905 2400 2812 2464 t. 11. c. 1 et 2, L. II. t. 20. c. 14 et 15, L. II. t. 26. c. 4, L. I. t. 20. c. 1, L. II.
905 2453 2816 2519 t. 1. c. 4, L. V. t. 12. c. 7, L. V. t. 14. c. 1. — „Licet preter solitum“ „Verum post
908 2513 2816 2570 consensum“ „Utrum autem filii“ „Si vir vel mulier“ „De cetero laicos“ „In causis ec-
905 2566 2816 2632 clesiasticis“ „De quarta vero“ „At si clerici“ „Et si clerici“ „Porro si clericus“ „De
905 2623 1685 2685 presbytero“ „Presbyterum autem“.
855 2672 2821 2736 14092 (9142) Archiepiscopo Salernitano scribit, „ut si qui clerici fratribus Hospitalis
908 2733 2816 2795 cum licentia sui praelati sponte ac gratis per annum vel triennium servire decernunt,
908 2784 2638 2844 nequaquam impediantur“. App. conc. Lat. XXX. 9. — „Mandamus, ut si“.
855 2837 2816 2908 14093 (9144. 9147) Archiepiscopo Salernitano (al. archipresbytero Salonitano) scribit
905 2895 2819 2954 de feneratoribus plectendis ac de clericis, „qui in domibus suis publice detinent con-
905 2939 2816 3012 cubinas“. App. conc. Lat. XVI. 5, XVIII. 1, Coll. Lips. IX. 3, LXIV. 1, Coll. Cass.
910 2996 2816 3069 XX. 6, LXIII. 1, Coll. Bamb. IX. 3, LVI. 1, Comp. I. L. 5. t. 15. c. 5, L. 3. t. 2. c. 4,
910 3054 2814 3122 Decr. Greg. L. V. t. 19. c. 5, L. III. t. 2. c. 3. — „Cum tu, sicut“ „Clericos autem in“.
857 3111 2821 3177 14094 *Monasterium S. Salvatoris de lingua Messana ex potestate archiepiscopi Messa-
910 3164 1939 3226 nensis eximit. Pflugk-Harttung Iter p. 289.
861 3217 2819 3283 14095 (9150) Santonensi et Cabilonensi episcopis mandat, cogant R. quondam abbatem
914 3270 2816 3336 Trevorensem (leg.: Trenorchiensem?) et monachos quosdam, ut quod praestiterint
914 3334 2819 3389 iuramentum adimpleant. App. conc. Lat. XVII. 3, Coll. Lips. XVII. 4, Coll. Cass.
914 3378 2816 3460 XXVIII. 8, Coll. Bamb. XIX. 6, Comp. I. L. 2. t. 17. c. 6, Decr. Greg. L. II. t. 24.
914 3438 2419 3551 c. 2. cum annotatione Friedbergt. — „Ex rescripto“ „Ex scripto-
1080 136 2001 229 ALEXANDER III. 1159—1181.
