3007 3975
684 289 1018 384 1159— 1181.
720 351 2691 439 14096 (9151) Canonicis, fratribus et monachis in episcopatu Sarensi ecclesias habenti-
771 437 2688 496 bus praecipit, ne ecclesias, „rectoribus decedentibus, auctoritate propria occupent aut
768 492 2688 549 etiam clericos in eis ponant“. App. conc. Lat. XLVII. 4. — „Ex transmissa nobis“.
720 543 2688 613 14097 (9152) Sarensi et Exoniensi episcopis scribit de I., sacerdotis filio, removendo.
773 598 1957 666 App. conc. Lat. XIX. 7. — „Suggestum est nobis“.
722 655 2691 715 14098 (9153) Decano et capitulo Sarisberiensi scribit de praebenda Britfordensi Hugoni
773 706 2688 777 Buvet tributa a locelino episcopo. Theineri disqu. crit. p. 430, (App. conc. Lat.
771 757 1409 830 XXV. 3). — „Cum Hugo“.
720 806 2691 878 14099 (9154) Archiepiscopo Senonensi mandat, ut milites quosdam ab episcopo Trecensi
768 876 2686 940 excommunicatos absolvat. App. conc. Lat. XLVI. 5, Comp. II. L. 2. t. 2. c. 2, Decr.
766 927 1922 995 Greg. L. II. t. 2. c. 6. — „Ex transmissa nobis“.
720 980 2688 1048 14100 (9159) Archiepiscopo Spalatino (al. Spoletano) scribit, bigamos sacris ordinibus
773 1040 2688 1104 privandos esse. Praeterea de simoniace ordinatis aliisque de rebus respondet. Coll.
768 1093 2688 1157 Cass. XXI. 20, (Mansi XXI. 1092), ubi Alex. tribuitur; sed in Comp. I. L. I. t. 13.
771 1143 2688 1214 c. 3, L. IV. t. 14. c. 1, L. 5. t. 2. c. 18, Decr. Greg. L. I. t. 21. c. 2, L. V. t. 3. c. 22,
777 1196 2680 1272 Mansi XXII. 482, Migne 201 p. 1375, haec fragmenta Lucio III. tribuuntur. —
771 1258 2032 1327 „Super eo, quod a“ „Verum super eo“ „De simoniace“.
720 1305 2693 1373 14101 (9023. 9160. 9161) Episcopo Spalensi (al. Hipponensi et Salernitano episcopis)
771 1371 2691 1433 respondet 1) de eo, qui „quandam mulierem pollutione illicita cognoverit, et sororem
768 1424 2691 1488 eius matrimonio postmodum copulaverit“; 2) de iis, „qui in sanitate vel infirmitate
771 1481 2688 1541 cum bonis suis ad religiosa loca se transtulerint; 3) „si qui in diaconatu et supra
773 1534 2686 1598 matrimonia contraxerint, cogendos eos esse uxores relinquere“. App. conc. Lat.
775 1585 2686 1656 XLIX. 6. 7, Coll. Lips. XXIII. 24, LX. 9, Coll. Cass. XXXVI. 1, LIX. 8, LXIII. 15,
773 1647 2686 1704 Coll. Bamb. XXVII. 1, LV. 14, Comp. I. 3. t. 24. c. 6, L. 4. t. 6. c. 5, Decr. Greg-
773 1687 2688 1768 L. III. t. 28. c. 4. — „Continebatur in litteris“ „De his, qui in“ „Super eo vero
771 1757 1502 1817 quod“ „Super eo, quod asseris“.
724 1799 2686 1874 14102 (9162) Abbati de Stanfort (Stradeford) et priori de Esibili (al. Febi; an S.
775 1861 2688 1930 Eusebii?) mandat, ut inter monachos Maioris monasterii et ecclesiam S. Mariae de
775 1916 2686 1976 Martinon (Mertun) iudicium faciant. Comp. II. L. 1. t. 16. c. 3, Decr. Greg. L. I.
771 1967 2176 2040 t. 36. c. 8, cf. infra ep. 14137. — „Veniens ad apostolicae“.
724 2027 2688 2095 14103 (9163) Abbati de Stradeford (al. Staforde, Castro-Foro) et priori S. Eusebii (al.
771 2075 2688 2146 de Cesebi, Helesby, Esebi) mandat, iudicent inter G. (al. W.) et A. clericos super
773 2135 2686 2206 capella quadam litigantes. App. conc. Lat. XXVIII. 6, Coll. Lips. V. 6, Coll. Cass.
777 2190 2686 2259 XXVII. 6, Coll. Bamb. V. 5, Comp. I. L. 1. t. 27. c. 4, Decr. Greg. L. I. t. 36. c. 4.
773 2239 1937 2307 „Constitutus in praesentia“ „Constitutus in nostra“.
722 2294 2688 2365 14104 (9165) Strigoniensi et Colocensi archiepiscopis scribit, „coniugatum ad monaste-
773 2351 2688 2418 rium converti desiderantem non esse suscipiendum, nisi uxor eius similiter conver-
775 2415 2684 2475 tatur“, cet. App. conc. Lat. V. 6. 7, Coll. Lips. LVIII. 6. 7, Coll. Cass. LVII. 7. 8,
771 2466 2684 2532 Coll. Bamb. L. 6. 7, Comp. I. L. 3. t. 28. c. 5 et 6, Decr. Greg. L. III. t. 32.
771 2521 1875 2590 c. 5 et 6. — „Coniugatus“ „Sane si coniugati“.
722 2568 2688 2641 14105 Abbate S. Leodegarii Suessionensis petente, altaria ad eius ecclesiam spectantia
768 2630 2686 2689 confirmat. Coll. Moreau t. 84. f. 169 in bibl. nat. Paris. Misit Dclisle. — „Si quando“.
695 2680 2688 2753 f14106 (9166) Episcopo Siracusano scribit de controversia Caesarii abbatis monasterii
773 2733 2688 2804 S. Petri (Baiani) et (Iohannis) abbatis monasterii S. Luciae. (In canonum collectio-
773 2791 2686 2859 nibus falso Alexandro III. ascribitur; est enim ex Reg. Greg. I. L. VII. ep. 36,
775 2846 2686 2917 supra num. 1482, desumptum.) Coll. Lips. XI. 8, Comp. II. L. 2. t. 17. c. 2, Decr.
768 2897 1992 2961 Greg. L. II. t. 26. c. 9. — „Quia indicante abbate“.
724 2950 2688 3023 14107 (9167. 9177) Archiepiscopo Tarraconensi (al. Cretensi, al. Trecensi) respondet:
777 3018 2686 3076 1) de militis cuiusdam divortio; 2) de testibus, „quibus ab adversa parte crimina
773 3067 2686 3135 opponantur“. App. conc. Lat. VI. 14, VIII. 4, Coll. Lips. XLIII. 6, LIX. 27, Coll.
775 3118 2686 3182 Cass. XLVIII. 3, LVIII. 14, Coll. Bamb. XXXIX. 3, LI. 14, Comp. I. L. 2. t. 13.
777 3173 2686 3248 c. 12, L. 4. t. 20. c. 4, Decr. Greg. L. II. t. 20. c. 13, L. IV. t. 19. c. 4. — „Signi-
773 3228 2010 3299 ficasti nobis quod“ „Super eo, quod“ „Super eo vero“.
726 3279 2691 3352 14108 (9168) Archiepiscopo Tarraconensi scribit, canonici Pampilunenses cum questi
777 3345 2688 3400 essent, „quod dux (rex ?) Navarrorum eos bonis suis spoliasset“. se causam ei com-
775 3392 2688 3462 misisse terminandam. „Verum“ inquit „quoniam nobis tacuerunt, quod fuit ad sedem
775 3449 2682 3553 apostolicam appcliatum. inbibemus, ne in executione negotii aliqua ratione procedas“.
2319 3504 2419 3608 50*
958 143 1884 234 ALEXANDER III. 1159—1181.
2562 136 2693 236 395
