3007 3975
278 165 406 346 226.
817 311 1146 406 1159—1181.
897 364 2812 454 Comp. II. I. 1. t. 2. c. 2, Decr. Greg. I. II. t. 28. c. 35. — „Accepta con-
841 448 857 516 „
885 450 1155 516 questione“.
848 499 2812 563 14109 (9169) Archiepiscopo Terdon. (? al. Tarraconensi?) de agendis diebus festis re-
899 560 2810 631 spondet. Comp. II. L. 2. t. 5. c. 2, Decr. Greg. L. II. t. 9. c. 2. — „Quoniam in
897 613 1062 677 parte“.
848 653 2812 728 14110 (9170) Archiepiscopo Toletano mandat, ut archidiaconum et clericum, qui a
901 719 2812 783 Bernardo, quondam episcopo Oxomensi (al. Ceromensi, al. Exoniensi), praemia simo-
899 772 2812 836 niace acceperint, removeat; regemque et principes, ut pecuniam ab eodem episcopo
901 834 2810 892 acceptam ecclesiae restituant, hortetur. App. conc. Lat. II. 13, Coll. Lips. I. 2, Coll.
899 889 2810 954 Cass. XIII. 2, Coll. Bamb. I. 2, Comp. I. L. 5. t. 2. c. 10, Decr. Greg. L. V. t. 3.
897 936 2635 1009 c. 11, Aguirre Conc. V. 96. — „De hoc, quod rex“ „De hoc autem, quod“.
848 989 2814 1057 14111 (9171) Archiepiscopo Toletano mandat, ut qui interdicti et excommunicati sacra
899 1053 2814 1119 procuraverint, eos, „si quadraginta solummodo vel pauciores“ sint, munere sacerdo-
901 1113 2812 1170 tali in perpetuum privet; „si vero multitudinem magnam in hoc peccasse cognoverit,
899 1163 2812 1225 eos, quos magis causam esse delicti constiterit, perpetua depositione condemnet, et
901 1223 2814 1276 alios ab officio ad tempus suspendat, et omnibus poenitentiam iniungat“. App. conc.
901 1269 2812 1342 Lat. L. 51, Comp. I. L. 5. t. 23. c. 4, Decr. Greg. L. V. t. 27. c. 4, Aguirre Conc.
908 1318 1676 1393 V. 96. — „Latores praesentium“.
850 1366 2814 1442 14112 (9172) Archiepiscopo Toletano respondet, „si quando aliqui, quos manifestum
899 1437 2814 1499 sit et notorium uxorem alterius detinere aut iniecisse manus violentas in clericum,
901 1492 2814 1554 appellaverint, eorum appellationi non esse aliquatenus deferendum“; cet. App. conc.
908 1539 2814 1609 Lat. X. 14, Coll. Lips. XLVII. 15, Coll. Cass. LI. 14, Coll. Bamb. XLII. 14, Comp I.
905 1596 2814 1662 L. 2. t. 20. c. 16, Decr. Greg. L. II. t. 28. c. 14. — „Consuluit nos tua“ „Consuluit
901 1651 1279 1709 nos fraternitas“.
852 1693 2816 1773 14113 (9173) Archiepiscopo Toletano et eius suffraganeis mandat, hortentur „laicos
905 1762 2814 1824 minorum villarum, quae Aldeae vocentur, ut ecclesiis, in quibus missas audiant et
899 1819 2814 1881 baptismum et cetera ecclesiastica frequentius sacramenta percipiant, decimas ex integro
901 1881 2335 1943 persolvant“. Comp. I. L. 3. t. 26. c. 24. — „Vota, quae ad“.
846 1925 2814 1991 14114 (9174) Archiepiscopo Toletano (al. Coloniensi, al. episcopo Tolosano) respondet de
901 1987 2810 2042 clericis, qui „post renunciationem factam a praedecessore eius ordines susceperint“.
901 2038 2812 2097 App. conc. Lat. XXVI. 18, Coll. Lips. XI. 18, Coll. Cass. XXI. 26, Coll. Bamb.
903 2086 2812 2157 XI. 10, Comp. I. L. 1. t. 7. c. 1, Decr. Greg. L. I. t. 13. c. 1. — „Requisivit a nobis“.
848 2142 2814 2212 14116 (9175) Episcopo Tornacensi mandat, interdicat, ne quis „ecclesias suae dioecesis
899 2203 2814 2270 absque consensu suo intrare audeat, aut detinere, aut se dimittere inconsulto“. Coll.
899 2248 2814 2323 Lips. XVI. 6, Coll. Cass. XXVII. 7, Coll. Bamb. XVI. 7, Comp. I. L. 3. t. 22. c. 8,
899 2314 2474 2380 Decr. Greg. L. I. t. 9. c. 4. — „Admonet nos“ „Universis personis“.
848 2369 2816 2435 14117 (9176) Episcopo Trecensi (al. archiepiscopo Tarraconensi) respondet inter alia
901 2418 2814 2479 haec: „Praedecessor noster Hadrianus solis fratribus Cisterciensis ordinis et Tem-
899 2473 2814 2544 plariis et Hospitalariis decimas laborum suorum, quos propriis manibus vel sumptibus
901 2537 2812 2590 colunt, indulsit; ceteris vero, ut de novalibus suis, quae propriis manibus vel sumpti-
901 2583 2812 2652 bus excolunt, et de nutrimentis animalium et de hortis suis decimas non persolvant,
901 2643 2812 2700 concessit. Quem sumus super his imitati“. App. conc. Lat. XIII. 5, Coll. Lips.
901 2685 2810 2756 XXIII. 10, Coll. Cass. XXXV. 6, Coll. Bamb. XXV. 6, Comp. I. L. 3. t. 26. c. 10,
901 2751 2812 2824 Decr. Greg. L. III. t. 30. c. 10. — „Ex parte fraternitatis“ „Ex parte tuae“ „Ex
899 2804 1162 2864 parte tua“.
846 2844 2812 2921 14118 (9178) Archiepiscopo Triburiensi (an Nidrosiensi?) et eius suffraganeis scribit,
899 2915 2812 2976 „quod regio eorum non multum frugibus abundet et mare, in quo populus maiorem
899 2968 2812 3029 habere consueverit sustentationem, sterilius solito effectum fuerit, liceat parochianis
897 3023 2810 3089 eorum diebus dominicis et aliis festis, praeterquam in maioribus anni solemnitatibus,
901 3076 2810 3138 si allecia terrae se inclinaverint, eorum captioni congruenter intendere“. Comp. II.
899 3131 2812 3208 L. 2. t. 5. c. 3, Decr. Greg. L. II. t. 9. c. 3, L. V. t. 38. c. 6. — „Licet tam
897 3182 1095 3248 veteris“
846 3230 2810 3301 14119 (9179) Abbati et fratribus Trium-fontium respondet de monacho, „qui, cum esset
901 3290 2812 3367 in seculo, quinque solidos pro ordinatione dederit“. App. conc. Lat. XXVI. 2, Coll.
897 3345 1977 3416 Cass. XXI. 4. — „Consuluit nos tua (vestra)“.
848 3398 2812 3473 14120 (9180) Episcopo Tullensi (al. Toletano) respondet de P., qui „diabolico instinctu
899 3460 2805 3557 sponsam patris sui carnali commixtione corrupit“. Quae cuique poenitentis iniungenda
1087 154 2006 256 ALEXANDER III. 1159—1181.
