3007 3975
691 282 1025 377 1159— 1181.
773 335 2697 432 sit, docet; mulicri praeterea „perpetuam continentiam“- imponit. coni Cantabr. in
775 417 2695 492 Cod. colleg. Trinit. Cantabr. R. 9. 17. saec. XII. fol. 106b; App. conc. Lat. XII. 3,
773 470 2432 536 Coll. Cass. LIX. 3. — „Praesentium lator P.“ „Lator praesentium cum“.
720 527 2697 594 14121 (9181) Archiepiscopo Turonensi respondet, „nec spurios nec servos debere ordi-
777 594 2697 655 nari“. App. conc. Lat. XXVI. 19, Coll. Cass. XXX. 7, Coll. Bamb. XIX. 4, Comp. I.
773 642 2410 704 L. 1. t. 10. c. 5, Decr. Greg. L. I. t. 18. c. 5. — „Consuluit nos tua“.
724 697 2702 757 14122 Monasterii Ursicampi possessiones confirmat. Ex Chartul. Ursic. f. 109 in Arch.
775 746 2280 810 dép. de 10ise in Beauvais. Misit Delisle. — „Desiderium quod“.
720 806 2702 872 14123 (9182) Episcopo Verulano scribit, ne abbatem S. Nicolai de Ceperano ad reci-
777 867 2697 927 piendum P. Rubeum cogat nec a populo Ceperano compelli sinat. Comp. I. L. 1.
775 914 2361 984 t. 5. c. 4, Decr. Greg. L. I. t. 9. c. 3. — „Ex transmissa relatione“.
724 962 2697 1037 14124 (9183) Episcopo Verulano scribit: „Octavianus avus Octaviani de Tracterio quan-
777 1026 2697 1088 dam feminam carnaliter cognovit, ex qua filium procreavit, et postmodum virum
773 1075 2697 1143 accipiens, filium generavit, cui Octavianus praedicti Octaviani nepos filiam suam
777 1135 2697 1207 tradere disposuit uxorem“. Mandat, ut matrimonium prohibeat. Comp. I. L. 4. t. 15.
773 1196 1588 1263 c. 2. — „Quia nobis significatum“.
724 1232 2697 1320 14125 (9184) Episcopo Vigiliensi quaerenti, „utrum feminae clausae, impotentes misceri
775 1296 2697 1362 maribus, matrimonium possint contrahere et si contraxerint debeat rescindi“, respon-
775 1355 2695 1419 det, „Romanam ecclesiam consuesse in consimilibus iudicare, ut quae non possint
777 1404 2695 1472 haberi tanquam uxores, habeantur tanquam sorores. Coll. Luc. ap. Baluzii Misc. III.
777 1472 2697 1528 376, Coll. Lips. LIX. 11, Coll. Cass. LXIV. 4, Mansi XXI. 1104; in Comp. II. L. 4.
773 1523 2693 1585 t. 9. c. 2, et Decr. Greg. L. IV. t. 15. c. 4, Lucio III. tribuitur. — „Consultationi tuae“.
724 1574 2697 1640 14126 (9185. 9186. 9187) Episcopo Vigiliensi respondet, 1) eum „nihil pro ecclesiarum
775 1636 2697 1700 consecratione posse vel debere praeter procurationem exigere“; 2) „virum vel mulierem,
775 1691 2697 1751 ad bigamiam transeuntem, non debere a presbytero benedici, quia benedictio iterari non
777 1744 2697 1806 debeat“; 3) „si puella infra duodecimum annum alicui desponsata fuerit vel sponsus
773 1799 2697 1857 aliquam infra XIV. annum desponsavit, antequam ad annos pervenerat matrimonio
775 1855 2695 1912 aptos, a pactione nuptiali recedere et ad aliud matrimonium convolare non possunt“,
777 1912 2695 1974 cet. App. conc. Lat. II. 4, VI. 3. 4. 23, IX. 1, Coll. Lips. I. 1, LIX. 3. 34, LXIV. 1,
775 1956 2695 2029 Coll. Cass. XIII. 1, LVIII. 4. 22, LXIV. 1, Coll. Bamb. I. 1, LI. 3. 21, LVI. 1,
775 2018 2695 2084 Comp. I. L. 5. t. 2. c. 9, L. 4. t. 22. c. 1, L. 4. t. 1. c. 7, L. 4. t. 2. c. 11, Decr.
775 2071 2688 2131 Greg. L. V. t. 3. c. 10, L. IV. t. 21. c. 3, L. IV. t. 1. c. 8. — „Cum sit sancta“
779 2117 2695 2197 „Cum sit Romana“ „Vir autem“ „Si vero puellam“ „Si puella infra“ „Sponsam autem“
775 2181 1230 2248 „Sponsam alterius“.
722 2230 2695 2303 14127 (9188) Episcopo Vigiliensi scribit, „debitores ad solvendas usuras cogi non de-
779 2290 2697 2358 bere, nisi eas iuramento solvere teneantur“. App. conc. Lat. XVI. 4, Coll. Lips.
775 2345 2693 2407 XVII. 1, Coll. Cass. XXVIII. 1, Coll. Bamb. XIX. 1, Comp. I. L. 2. t. 17. c. 2, Decr.
773 2400 1864 2471 Greg. L. II. t. 24. c. 6. — „Debitores autem“.
724 2446 2695 2517 14128 (9189) Monasterii S. lohannis de Vineis protectionem suscipit et privilegia con-
775 2510 2693 2572 firmat. (Fragmentum) Louen Hist. de L'abbaye de St. Iean-des-Vignes p. 293, Migne
777 2568 2693 2627 200 p. 1278; S. Iohannes ap. Vineas p. 108, teste Bréquigny Tabl. chron. III. 435.
777 2625 1294 2689 — „Statuimus, ut si“.
724 2663 2691 2736 14129 (9190) Episcopo (al. archipresbytero) Volaterrano et abbati de Spongia (leg.
773 2727 2693 2793 Spognia) scribit de controversia fratrum monasterii Maturiensis et plebani clericorum-
775 2786 2686 2848 que. App. conc. Lat. XI. 1, Coll. Lips. XXXVI. 1, Coll. Cass. XLIII. 1, Coll. Bamb.
775 2844 2691 2912 XXXIV. 1, Comp. I. L. 2. t. 4. c. 2, Decr. Greg. L. II. t. 4. c. 1. — „Ex litteris
773 2888 967 2956 vestris“.
722 2937 2693 3018 14130 (9192) Decano et praecentori et capitulo Wellensi scribit de praebenda magistro
775 2996 2688 3076 E. tribuenda, qui ab R. quondam episcopo canonicus ecclesiae receptus sit. Comp. I.
773 3060 2258 3127 L. 3. t. 33. c. 6, Mansi XXI. 1090. — „Ex diligenti relatione“.
722 3115 2691 3175 14131 (9196) Episcopo Wigorniensi mandat, ut quae abbas S. Eadmundi R. latori epi-
775 3166 2686 3235 stolae ademerit, restituat. App. conc. Lat. XXII. 7, Comp. I. L. 1. t. 31. c. 2, Decr.
773 3221 1919 3286 Greg. L. I. t. 40. c. 2. — „Abbas S. Eadmundi“.
722 3270 2688 3343 14132 (9197) Episcopo Wigorniensi concedit, ut „terras, quae de silvis exstirpatae,
777 3334 2691 3392 sint arabiles factae, iis hereditario iure concedat, a quibus ipsas suo vel parentum
777 3383 2688 3453 labore constiterit fuisse exstirpatas“. App. conc. Lat. XXIX. 4, Coll. Cass. XXVII. 3,
777 3440 2684 3548 Comp. I. I. 5. t. 11. c. 7. Dcer. Greg. I. III. t. 13. c. 7. — „Ad aures“ „Ilas vero terras“.
967 125 1891 231 ALEXANDER III. 1159—1181.
2571 123 2697 223 397
