3007 3975
273 152 402 245 398
817 293 1148 373 1159—1181.
855 348 2821 452 14133 (9198) Episcopo Wigorniensi (al. Vigdliensi) de „duorum compatrum Gliis post
899 430 2814 501 compaternitatem genitis“ respondet. Comp. I. L. 4. t. 11. c. 3, Decr. Greg. L. IV.
901 494 1727 554 t. 11. c. 3. — „Super eo, quod a“.
855 530 2814 602 14134 (9199) Episcopo Wigorniensi scribit de causa R. clerici, cui ecclesia de N. con-
901 600 2814 666 cessa fuit „tunc temporis, cum V. clericus, qui lepra tactus fuisse perhibetur, eam
901 647 2816 730 possideret“. App. conc. Lat. XXXVII. 1, Comp. II. L. 3. t. 7. c. 1. — „Ex trans-
901 713 1376 775 missa conquestione“.
852 759 2819 832 14135 (9200) Episcopo Wigorniensi mandat, removeat C. presbyterum, vicarium ec-
901 817 2814 872 clesiae de Estona, qui „publice concubinam teneat ac sicut laicus tabernas frequen-
901 863 2812 934 tare non erubescat“. App. conc. Lat. XVIII. 15, Coll. Lips. LXIV. 14, Coll. Cass.
901 916 2805 1004 L.XIII. 14, Coll. Bamb. I.V. 14, Comp. I. L. 3. t. 2. c. 11, Mansi XXI. 1088. —
903 987 1341 1044 „Ex parte prioris“.
855 1037 2814 1106 14136 (9201) Episcopo Wigorniensi respondet de Wilielmo, „qui licet fidem dedisset,
903 1093 2810 1159 quod mulierem quandam duceret in uxorem, ipse sibi aliam copulare praesumpserit“.
905 1150 2814 1221 App. conc. Lat. VI. 2, Coll. Lips. LIX. 2, Coll. Cass. LVIII. 3, Coll. Bamb. LI. 3,
901 1203 2052 1265 Comp. I. L. 4. t. 1. c. 3. — „Consuluit nos tua“.
855 1249 2814 1322 14137 (9202) Episcopo Wigorniensi mandat, ut inter monachos Maioris monasterii et
899 1305 2814 1386 ecclesiam S. Mariae de Mertun iudicium faciat. App. conc. Lat. XL. VIII. 1, cf. supra
899 1358 1831 1435 ep. 14102. — „Veniens ad apostolicae“.
850 1417 2814 1484 14138 (9204) Episcopo Wigorniensi mandat, cogat R. presbyterum, ut ecclesiam S. Mariae
903 1472 2810 1532 de Wicun Miloni clerico tribuat. App. conc. Lat. XIX. 1, Coll. Cass. XXXIII. 1, Coll.
899 1528 2810 1594 Bamb. XXIII. 1, Comp. I. L. 1. t. 9. c. 4, Decr. Greg. L. I. t. 17. c. I. — „Conquerente nobis“.
852 1578 2812 1645 14139 (9195. 9208) Episcopo Wigorniensi scribit, si H. „spoliatus renunciaverit eccle-
905 1645 2812 1704 siae, ne contra eum testes alterius partis de iuramento et renunciatione spontanea
899 1691 2812 1764 facta admittat“. Laudat eum, quod „in causa quadam procedere distulerit, quoniam
899 1737 2810 1815 filum fuisset fractum, quo bulla sua dependebat“. App. conc. Lat. XXII. 1, LXI. 5.
899 1802 2812 1870 Coll. Lips. XXXIX. 1, Coll. Cass. XLV. 1, LII. 7, Coll. Bamb. XXXVI. 1, Comp. I.
901 1861 2812 1936 L. 2. t. 9. c. 1, I.. 2. t. 15. c. 3, Decr. Greg. L. II. t. 413. c. 2. — „Sollicite cures
899 1912 1416 1978 et“ „Sicut ex litteris“.
850 1943 2812 2029 14140 (9210) Episcopo Wigorniensi et abbati S. Albani scribit de W., „qui violenter
899 2020 2810 2091 ecclesiam de N. ingressus, defunctus sit“. App. conc. Lat. XXII. 9, Comp. II. L. 2.
899 2080 2631 2144 t. 1. c. 4, Decr. Greg. L. II. t. 1. c. 11. — „Quia W. qui“ „Quia V. qui“.
852 2126 2812 2197 14141 (9211) Episcopo Wigorniensi (al. Wintoniensi) mandat, nt priorem et fratres
901 2181 2803 2252 de Lauch (al. Lauth) tueatur. App. conc. Lat. XV. 7, Coll. Lips. LII. 6, Coll. Cass.
899 2239 2810 2307 LIII. 5, Coll. Bamb. XL.V. 5, Comp. I. L. 3. t. 33. c. 11, Decr. Greg. L. III. t. 38.
901 2298 1639 2365 c. 9. — „Querimoniam prioris“.
852 2334 2812 2415 14142 (9212. 9239) Wigorniensi et Coventriensi episcopis respondet de controversia
899 2407 2810 2464 super capella de Ambitoria agitata inter magistrum Alanum de Hillesdale (al. Car-
901 2455 2810 2521 deia) et R. de Alta-ripa, litteras apostolicas falsitatis arguentem. Coll. Luc. ap. Baluxii
905 2515 2805 2592 Misc. III. 373, App. conc. Lat. XLIX. 3, Comp. II. L. 2. t. 14. c. 1, Decr. Gtreg.
899 2563 1827 2636 L. II. t. 22. c. 3. — „Ex literis, quas“.
850 2608 2810 2683 14143 (9213) Episcopo Wigorniensi et R(icardo) archidiacono Eliensi scribit de contro-
908 2680 2810 2738 versia super ecclesia quadam agitata inter T. clericum regis Scottorum et H. perso-
901 2727 2805 2793 nam ecclesiae de Sandeta (al. Sandala, Sandeia). App. conc. Lat. XXII. 4, Coll.
901 2786 2810 2859 Lips. XLIX. 4, Coll. Cass. XL.V. 5, Coll. Bamb. XXXVI. 4, Comp. I. L. 2. t. 9. c. 4,
899 2837 2087 2906 Decr. Greg. L. II. t. 13. c. 4. — „Audita querela“.
852 2881 2808 2965 14144 (9214) Wigorniensi et Herefordiensi episcopis mandat, iudicent inter W. pres-
903 2950 2803 3016 byterum de Tritona (al. Certonia, Cretona) et monachos de Bueria (al. Bineria, Bre-
905 2998 2803 3069 veria), super decimis litigantes. App. conc. Lat. XIII. 11, Coll. Lips. XXIII. 16,
899 3051 2803 3122 Coll. Cass. XXXV. 12, Coll. Bamb. XXV. 12, Comp. I. L. 3. t. 26. c. 17, Decr.
901 3122 1937 3186 Greg. L. III. t. 30. c. 3. — „Ex multiplici“.
852 3160 2810 3241 14145 (9215) Episcopo Wigorniensi et priori de Lucivvreden scribit de capella Strei-
903 3217 2803 3283 tonensi G. clerico restituenda. App. conc. Lat. XIX. 9, Coll. Cass. XXXIII. 9, Coll.
899 3277 2803 3356 Bamb. XXIII. 8, Comp. I. L. 1. t. 9. c. 10, Decr. Greg. L. I. t. 17. c. 8. — „Con-
901 3336 1427 3405 stitutus in praesentia“.
855 3380 2810 3456 14146 (9216) Wigorniensi et Norwicensi episcopis mandat, ut sacerdotem, „qui litteras
903 3440 2805 3546 suas falsawerir“ omui offcio sacerdotali et bemneficio privent et „in aliquod monasterium
1087 141 2006 242 ALEXANDER III. 1159— 1181.
