3007 3975
2558 143 2702 247 399
689 304 1014 388 1159—1181.
768 362 2688 446 districtae religionis detrudant“. App. conc. Lat. XXVI. 3, Coll. Cass. XXI. 5, Comp. I.
766 430 2688 501 L. 5. t. 16. c. 3. — „De sacerdote vero“ „De sacerdote, qui“ „Ad haec de sacer-
766 492 919 558 dote“.
713 532 2688 611 14147 Fratribus B. Mariae Wigorniensibus indulget, ne quis „de novalibus, quae pro-
768 607 2688 669 priis manibus aut sumptibus colant, sive de nutrimentis animalium decimas vel pri-
768 653 2688 719 mitias ab eis exigere praesumat“. Hale Registrum prior. B. Mariae p. 25“. — „Iustis
766 715 1252 775 petentium desideriis“
713 755 2686 830 14148 (9217) Monasterii S. Mariae et S. Kenelmi Winchelcumbensis protectionem susci-
766 819 2688 892 pit, bonaque ac privilegia confirmat, petente Henrico abbate. Monast. Anglic. II.
766 872 2061 940 854, nov. ed. II. 303. — „Religiosam vitam eligentibus“.
713 923 2686 998 14149 (9218) Gregorio(?), episcopo Tridentino, mandat, ut abbatem et monachos sancti
766 991 2686 1048 R. cogat ad restituendam pecuniam, a Fr. presbytero „pro monachatu“ exactam, abba-
768 1046 2688 1104 temque „cum maioribus personis monasterii pro tantae pravitatis excessu ab officio
766 1090 2688 1159 sacerdotali suspendat“. Coll. Luc. ap. Baluzii Misc. III. 378, Comp. II. L. 5. t. 2.
766 1150 2534 1221 c. 1, Decr. Greg. L. V. t. 3. c. 19, Mansi XXI. 1104. — „Veniens ad nos“.
713 1201 2688 1276 14150 (9219) Magistrum M. (al. Ambrosium) de Vadeforte voto monachicae vitae solvit,
768 1265 2691 1327 quod adhuc non impleverit, „propter frequentes infirmitates, quae plurimum vitae
766 1318 2686 1382 religiosae districtionem impediant, et quia transeuntibus hospitalitatem exhibeat et
771 1373 2688 1444 plura salutaria impendat“. Comp. II. L. 3. t. 21. c. 1, Decr. Greg. L. III. t. 34. c. 3.
768 1428 1336 1488 — „Litteraturam tuam“.
720 1470 2688 1543 14151 (9220) Episcopo Wintoniensi respondet, „ad usurarum solutionem nullum Christia-
768 1541 2688 1601 num esse cogendum, nisi iuramento vel fide eas solvere teneatur“. App. conc. Lat.
771 1594 1566 1654 XVI. 1. — „Super eo, quod nos“.
720 1645 2686 1711 14152 (9221) Episcopo Wintoniensi respondet, eos qui „post appellationem gravia com-
771 1702 2688 1764 mittunt, appellationem non debere in sua nequitia et iniquitate tueri, quominus eorum
768 1755 2684 1819 excessus censura canonica puniantur“; cet. App. conc. Lat. X. 31, L. 53, Coll. Lips.
775 1808 2688 1879 XLVII. 32. 34, Coll. Cass. LI. 30. 31, Coll. Bamb. XLII. 30. 31, Comp. I. L. 2.
768 1868 2688 1927 t. 20. c. 32. 34, Decr. Greg. L. II. t. 28. c. 22, Mansi XXI. 1086. — „Praeterca
766 1923 2399 1987 qui ad“ „Praeterea de his“ „Super eo vero, quod“ „Super eo, quod a“.
722 1978 2691 2044 14153 (9222) Episcopo Wintoniensi scribit, „defuncta sponsa intacta, eius sororem a
773 2033 2688 2095 sponso libere duci in uxorem“. App. conc. Lat. XLV. 5, Comp. I. L. 4. t. 1. c. 2.
773 2080 1241 2153 — „Non sunt una“.
720 2131 2688 2212 14154 (9223) Episcopo Wintoniensi sic scribit; „si laicus, episcopo inconsulto, ecclesiam
771 2192 2686 2256 non vacantem concedit alicui religiosae domui, postea, cum vacaverit, ad praesen-
768 2252 2688 2312 tationem eiusdem laici aliquis clericus ibi fuerit per episcopum institutus, prior con-
768 2307 2686 2367 cessio secundam institutionem non potest impedire“. (Fortasse pars est ep. 14156.)
773 2356 2686 2426 App. conc. Lat. XV. 6, Coll. Lips. LII. 5, Coll. Bamb. XLV. 4, Coll. Cass. LIII. 5,
768 2415 2682 2477 Comp. I. L. 3. t. 33. c. 11, Decr. Greg. L. III. t. 38. c. S. — „IIlud praetereundum“
775 2475 1418 2532 „IIlud vero praetereundum“.
722 2515 2691 2585 14155 (9224) Episcopo Wintoniensi mandat, cogat cos, „qui sortem suam de fructibus
775 2577 2688 2652 pignorum vel aliunde deductis expensis perceperint, ut pignora restituant“. App.
775 2641 2688 2700 conc. Lat. XVI. 8, Coll. Lips. IX. 4, Coll. Cass. XX. 7, Coll. Bamb. IX. 4, Comp. I.
775 2694 1984 2749 L. 5. t. 15. c. 6. — „Nihilominus tibi praecipimus“.
724 2744 2688 2809 14156 (9225. 9226. 9227) Episcopo Wintoniensi respondet: 1) de iudicibus delegatis;
775 2791 2686 2857 2) de portione ab ecclesiae persona vicario tributa; 3) de teste crimine accusato.
779 2853 2684 2919 App. conc. Lat. VII. 8. 10, VIII. 6, XV. 6, XXXIX. 2, Coll. Lips. XXXV. 7. 10,
779 2910 2686 2976 LII. 5, Coll. Cass. XLII. 7. 10, XLVIII. 5, LIII. 4, Coll. Bamb. XXII. 1, XXXIII. 8, 10,
779 2961 2686 3027 XLV. 4, Comp. I. L. 1. t. 20. c. 4, L. 1. t. 21. c. 7. 8, L. 2. t. 13. c. 13, L. 2.
777 3012 2688 3080 t. 14. c. 1, L. 3. t. 33. c. 10, Decr. Greg. L. I. t. 3. c. 3, L. I. t. 28. c. 3, L. I.
775 3067 2688 3131 t. 29. c. 6. — „Quamvis simus multiplicitate“ „Ceterum si“ „Sententiam a“ „Ad
775 3120 2229 3195 haec si“ „Si persona“ „Porro si aliquis“ „Quemlibet autem ad“.
726 3175 2688 3250 14157 (9228. 9229) Episcopo Wintoniensi (al. Wigornensi, al. Londinensi) mandat,
779 3235 2688 3297 1) ut „tam comites quam barones nec non et milites et omnes alios de parochia
779 3290 2688 3350 sua“ ad solvendas decumas cogat; 2) „prohibeat attentius, ne in parochia sua pro
777 3336 2688 3403 licentia docendi ab aliquo aliquid exigatur, aut etiam promittatur, neve quis occa-
777 3396 2686 3469 sione huius prohibitionis magistros in locis congruis instituere differat“. App. conc.
777 3447 2688 3562 Lat. II. 17. 1V. 3. Cofi. Lips. III. I. XXII. 3. Coll. Cass. XV. 1. XXXIV. 2. Coll. Bamb. II. 4.
956 143 1877 249 ALEXANDER III. 1159—1181.
