3007 3975
302 141 428 236 400
843 293 1182 377 1159—1181.
932 351 2870 454 XXIv. 2, Comp. I. I. 3. t. 26. c. 3. I. 5. t. 4. c. 2, Decr. Greg. I. III. t. 30. a. 6.
927 439 2381 492 L. V. t. 5. c. 2. — „Nuncios et litteras“ „Prohibeas attentius“.
874 485 2841 554 14158 Episcopo Wintoniensi scribit, R. filium W. de Crotona ius patronatus eiusdem
927 545 2841 605 ecclesiae emisse et canonicos de Stoleia iuri suo renuntiare coégisse. Mandat, cau-
925 600 2839 660 sam investiget et canonicis ius suum restitui faciat. App. conc. Lat. XV. 16, Coll.
930 649 2839 726 Lips. LII. 21, Coll. Cass. LIII. 14, Coll. Bamb. XLV. 14, Comp. I. L. 3. t. 33. c. 19.
927 706 1462 777 — „Ad aures nostras“.
874 750 2841 830 14159 (9230) Episcopo Vomicensi (Wormatiensi?) mandat ut W., duarum feminarum
925 819 2836 878 sponsum, si „post fidem praestitam primam cognoverit, cum ea faciat remanere“.
923 865 2713 931 Coll. Luc. ap. Baluxii Misc. III. 380, Mansi XXI. 1107. — „Rediens ad nos“.
874 925 2841 991 14160 (9231) Episcopum Zamorensem, qui ab Hyacintho diacono cardinali (S. Mariae)
927 982 2839 1044 in Cosmedin, olim legato sedis apostolicae, vocatus ad concilium non venerit, et ex-
921 1035 2834 1101 communicatus consecrationem acceperit, hortatur, ut sui purgandi causa vel ipse ad
923 1090 2834 1152 sese veniat, vel nuncios mittat. App. conc. Lat. X. 28, Coll. Lips. XLII. 29, Coll.
919 1152 2834 1216 Cass. LI. 27, Coll. Bamb. XLII. 26, Comp. I. L. 2. t. 20. c. 29, Decr. Greg. L. II.
921 1205 2333 1260 t. 28. c. 19, Aguirre Conc. V. 97. — „Cum parati essemus“.
874 1252 2839 1327 14161 (9232) Ad Marci (al. Mathaei) cardinalis quaestiones quasdam respondet. Comp. II.
921 1313 2609 1373 L. 2. t. 12. c. 2, Decr. Greg. L. II. t. 20. c. 22. — „Super eo, quod a“.
870 1360 2832 1433 14162 Archiepiscopo cuidam mandat, prohibeat „ne de cetero inter aliquos in absconso,
919 1424 2834 1492 sed publice coram idoneis testibus sponsalia contrahantur“. Comp. I. L. 4. t. 4. c. 4.
916 1477 1436 1543 — „Solet frequenter“.
872 1525 2830 1601 14163 (9233) Episcopo cuidam respondet de appellatione „quam quis metu litterarum,
919 1590 2832 1654 quas ab adversario suo a sede apostolica audierit impetratas, interposuit“. Comp. II.
916 1636 2311 1711 L. 2. t. 19. c. 4, Mansi XXI. 1097. — „Super eo, quod a“.
866 1691 2834 1764 14164 (9234) Episcopo cuidam mandat, ut parochiano cuidam, cuius uxor cum illius
919 1757 2832 1815 consobrino et ante et post matrimonium stuprum fecerit, ad secundas nuptias trans-
916 1808 2830 1868 eundi licentiam concedat, „nisi cum praedicta muliere, postquam eam cum suo conso-
919 1861 2830 1927 brino peccasse cognoverit, commisisse comprobetur incestum“. Baluzii Misc. III. 376,
916 1908 2684 1983 Mansi XXI. 1099. 1104, Comp. II. L. 4. t. 13. c. 1. — „Ad aures nostras“.
866 1967 2830 2033 14165 (9235) Episcopo cuidam mandat, ut I. mulieri, continentiam pollicitae, de voto
919 2022 2828 2084 violato congruam satisfactionem indicat, et „cui velit, nubendi licentiam tribuat“.
916 2082 2828 2146 App. conc. Lat. V. 10, Coll. Lips. LVIII. 13, Coll. Cass. LVII. 11, Comp. I. L. 4.
914 2137 2828 2206 t. 6. c. 8, Decr. Greg. L. IV. t. 6. c. 5. — „Veniens ad nostram“ „Veniens ad prae-
914 2188 1133 2254 sentiam“.
863 2237 2830 2303 14166 (9236) Episcopo cuidam (Exoniensi?) de Petri parochiani eius matrimonio diri-
919 2305 2823 2365 mendo respondet. Coll. Luc. ap. Baluze III. 380, Comp. II. L. 2. t. 15. c. 2, Decr.
910 2351 2218 2413 Greg. L. II. t. 23. c. 12. — „Litteris tuae fraternitatis“.
863 2404 2825 2473 14167 (9237) Episcopo cuidam mandat, interdicat R., ne neptae suae „super hereditate
914 2464 2823 2532 paterna molestiam inferat“. App. conc. Lat. XXXIII. 3, Coll. Lips. LXIII. 1, Coll.
912 2513 2819 2581 Cass. LXII. 1, Coll. Bamb. LIV. 3, Comp. I. L. 4. t. 18. c. 1, Decr. Greg. L. IV.
912 2579 1813 2632 t. 17. c. 1. — „Conquestus est nobis“.
861 2623 2825 2694 14168 (9238) Episcopo cuidam mandat, ut inter I. et W. de ecclesia quadam litigantes
914 2676 2821 2744 iudicium faciat. App. conc, Lat. XXI. 3, Coll. Cass. XXXI. 3, Coll. Bamb. XXI. 3,
910 2740 2819 2795 Comp. I. L. 3. t. 5. c. 9, Decr. Greg. L. III. t. 5. c. 7. — „Deferente I.“ „Referente nobis“.
863 2791 2821 2853 14169 (Episcopo) cuidam mandat, ne matrimonium inter filiam A. comitis S. Pauli et
914 2848 2819 2908 comitem Pontivorum contractum propter consanguinitatem separari patiatur, quia ec-
912 2903 2819 2970 clesia pro pace inter utrumque comitem reformanda dispensaverit. Coll. Lips. LIX. 12.
912 2956 1358 3023 — „Religiosi viri“.
863 3005 2821 3071 14170 (9240) Universis abbatibus concedit, „si episcopi quid contra libertatem ordinis
914 3065 2819 3135 exigant, ut denegent, quod petatur“. Comp. II. L. 5. t. 13. c. 1, Decr. Greg. L. V.
912 3124 1703 3177 t. 31. c. 5. — „Sane si episcopi“.
863 3166 2819 3235 14171 Fratribus quibusdam indulget, ut cum clerici parochialium ecclesiarum decedant
912 3233 2819 3288 aut eas vivi dimittant, alios inibi cum consensu episcopi dioecesani instituant. Coll.
916 3279 1966 3352 Lips. XXIII. 3. — „Ad audientiam nostram“.
866 3339 2816 3405 14172 (9243) Archidiaconis quibusdam de vitanda simonia scribit. App. conc. Lat. I. 8,
914 3392 2814 3464 Coll. Cass. XIII. 8, Coll. Bamb. I. 7, Comp. I. L. 5. t. 2. c. 15, Decr. Greg. L. III. t. 39.
914 3440 2450 3546 e. 12. — „Ea, quae de“ „Cum autem collectas“ „Nibilo minus et“.
1115 139 2026 238 ALEXANDER III. 1159—1181.
