3007 3975
656 306 992 401 1159—1181.
684 368 2657 461 14173 Fratribus vel canonicis quibusdam indulget, ne quis de laboribus, „quos propriis
737 450 2657 514 manibus aut sumptibus colant“, sive de nutrimentis animalium decimas ab eis exigat.
740 505 2657 567 (Haec decimarum immunitas in permultis privilegiis, quae dicuntur, sollemnibus oc-
740 558 2657 627 currit. App. conc. Lat. XIII. 7, Coll. Lips. XXIII. 12, Coll. Cass. XXXV. 8, Coll.
740 609 2231 677 Bamb. XXV. 8, Comp. I. L. 3. t. 26. c. 12. — „Sane laborum“.
687 669 2662 730 14174 Pauperibus domus cuiusdam elemosynariae indulget, ne quis ab eis decimas „de
742 728 2657 799 hortis, novalibus sive de nutrimentis animalium“ exigat. Coll. Lips. XXIII. 4. —
742 779 1159 843 „Ratione inducti“.
691 823 2660 905 14175 (9244) „Abbati et conventui maioris ecclesiae Monasterii et H. eorum clerico“
742 894 2662 949 asserit capellam de Herdelei. App. conc. Lat. XLVI. 4, Coll. Lips. XXXV. 23, Coll.
742 940 2664 1015 Cass. XLII. 24, Coll. Bamb. XXXIII. 23, Comp. I. L. 1. t. 21. c. 19. — „Iampridem
742 1002 1347 1055 sicut“ („Quoniam abbas“).
691 1042 2666 1115 14176 (9245) Breare Ricardum a G. (al. H.) Cant(uariensis?) archidiaconi hominio
744 1115 2653 1174 et fidelitate solvit. Comp. I. L. 5. t. 2. c. 19, Decr. Greg. L. V. t. 3. c. 17. —
744 1154 1186 1230 „Ex diligenti tua“.
693 1214 2666 1278 14177 (9247) Cuidam respondet, „transigi super re sacra litigiosa non posse“. (Nescio
744 1274 2666 1336 cur Friedberg hanc decretalem coniungi velit cum ea Clementis III. in App. conc.
744 1329 2666 1389 Lat. XLIX. 9, Comp. II. L. 1. t. 5. c. 3, Decr. Greg. L. I. t. 9. c. 5.) App. conc.
744 1373 2668 1457 Lat. XXVIII. 15, Comp. II. L. 1. t. 16. c. 1, Decr. Greg. L. I. t. 36. c. 7. — „Super
742 1439 1246 1503 eo, quod quaesivisti“.
695 1479 2671 1559 14178 (9248) Cuidam respondet „de iis, qui cum aliqua de causa in episcopatu suo
748 1550 2668 1614 non possint nuptialem benedictionem accipere, ad alios episcopatus furtive se trans-
746 1598 2666 1673 ferant, coniugia ibidem clandestina contrahentes“. Comp. II. L. 4. t. 3. c. 1, Mansi
751 1660 1590 1726 XXI. 1099. — „Consuluit nos tua“.
698 1704 2671 1775 14179 (9249) Cuidam respondet de „quodam 15 annorum vel eo amplius, qui quandam
753 1768 2671 1830 13 annorum duxerit in uxorem“. Comp. II. L. 4. t. 9. c. 1, Decr. Greg. L. IV. t. 15.
751 1828 1612 1890 c. 3. — „Ex litteris tuis accepimus“.
698 1868 2671 1938 14180 (9250) Cuidam scribit de capellano, „qui benedictionem cum secunda celebra-
753 1932 2671 1996 verit“, ad sedem apostolicam mittendo. Coll. Luc. ap. Baluze Misc. III. 370, Comp. II.
751 1991 2567 2047 L. 4. t. 15. c. 1, Decr. Greg. L. IV. t. 21. c. 1. — „Capellanum nihilominus“.
700 2038 2675 2106 14181 (9252) Cuidam concedit, ne clericis eius, „donec in servitio eius fuerint, quid-
753 2091 2673 2164 quam subtrahatur“. Coll. Lips. XXI. 7, Comp. I. L. 3. t. 5. c. 4, Decr. Greg. L. III.
748 2155 1506 2221 t. 4. c. 7. — „De cetero, quia“.
702 2199 2675 2270 14182 (9254) Cuidam mandat, ut clericis quibusdam Anglicanis restitui reditum ablatum
757 2267 2675 2334 a W. de Cedon iubeat. Comp. II. L. 3. t. 14. c. 1, Mansi XXI. 1097. — „Ad au-
755 2320 1268 2387 dientiam apostolatus“.
704 2356 2677 2440 14183 Cuidam „literarum scientia et honestis moribus ornato“ indulget, ut ad bene-
755 2429 2677 2486 ficium vel ad dignitatem ecclesiasticam assumi possit, „non obstante, quod non sit
760 2486 2680 2552 de legitimo matrimonio natus“. („Eboracensi archiepiscopo“ perperam inscribitur).
757 2541 1840 2605 Comp. I. L. 1. t. 9. c. 9. — „Dignum est et“.
709 2583 2680 2661 14184 Cuidam scribit, de puniendo clerico de Wallenton. „adulteram et commatrem in
762 2638 2677 2716 domo sua detinente“. App. conc. Lat. XVIII. 11, Coll. Lips. LXIV. 10, Coll. Cass.
757 2691 2622 2769 LXIII. 10, Coll. Bamb. LV. 10, Comp. I. L. 3. t. 2. c. 10. — „De cetero quia“.
711 2749 2680 2828 14185 Cuidam scribit „de iis, qui sponsas alienas rapiunt“. Comp. I. L. 4. t. 4. c. 5.
764 2813 1354 2879 — „De iis, qui sponsas“.
713 2855 2684 2943 14186 Cuidam scribit, se non probare sententiam Ephesini legislatoris, qui „primus
760 2921 2682 2990 tricennali vel quadragesimali praescriptioni vigorem legis imposuerit“. (Inscriptio
766 2976 2682 3034 mutila est nec satis constat, rectene ascribatur decretalis Alexandro III.) App. conc.
766 3027 2686 3091 Lat. XXXVIII. 5, Coll. Lips. XLVI. 2, Coll. Cass. L. 2, Coll. Bamb. XLI. 2, Comp. I.
766 3078 2386 3142 L. 2. t. 18. c. 7, Decr. Greg. L. II. t. 26. c. 5. — „Vigilanti studio“.
713 3135 2686 3202 14187 Cuidam ad preces I. ducis mandat, ne Odonem Manuel et uxorem eius a civi-
766 3193 2688 3257 bus super eorum matrimonio molestari sinat. Coll. Lips. LIX. 42. — „Ex litteris
764 3246 956 3310 dilecti“.
715 3301 2688 3367 14188 (9255) Quendam iudicem constituit inter magistrum R. et magistrum Husdricum,
768 3361 2688 3425 sub quo ille „Blesis scholas rexerit“. App. conc. Lat. II. 16. — „Dilectus filius noster“.
720 3414 2691 3482 14189 (9256) Quibusdam praecipit, ne sequantur consuetudinem hanc: „ut cum aliquis
775 3469 2688 3564 intentionem suam fundaverit instrumentis aut testibus introductis, ei sacramentum
201 3495 764 3615 Segeta Port. Rennn Sd ea r.
2344 3522 2412 3608 51
923 154 1849 262 ALEXANDER III. 1159—1181.
2525 161 2653 260 401
