3007 3975
293 147 417 318 402
835 291 1164 375 1159— 1181.
916 348 2832 446 nihilominus deferatur“. Comp. II. L. 2. t. 10. c. 1, Deer. Greg. L. II. t. 19. e. 2.
868 474 2832 552 14190 (9257) Quibusdam concedit, ut „si hospitale absque oratorio fecerint, liberum
914 428 1447 492 — „Sicut consuetudo“.
916 538 2828 609 sit iis, absque conscientia episcopi, in cuius parochia fuerit, ipsam domum construere“.
866 653 2832 713 14191 (9258) Quibusdam scribit, „si super decimis inter eos et aliquam personam ec-
916 602 2794 655 Comp. II. L. 3. t. 26. c. 1, Mansi XXI. 1098. — „Ad petitionem“ „Si hospitale“.
916 711 2832 766 clesiasticam assensu episcopi vel archidiaconi sui compositio facta fuerit, rata per-
919 766 2830 828 sistat“. App. conc. Lat. XXVIII. 3, Coll. Lips. V. 2, Coll. Cass. XVII. 2, Coll. Bamb.
923 812 2830 887 V. 2, Comp. I. L. 1. t. 27. c. 2, Decr. Greg. L. I. t. 36. c. 2. — „Statuimus,
912 859 1080 931 ut si“
866 918 2832 991 14192 (9259) Quibusdam interdicit, ne „in presbyteros talias et indebitas exactiones
914 982 2828 1046 exercere praesumant“. App. conc. Lat. II. 7, Coll. Lips. IV. 2, Coll. Cass. XVI. 2,
916 1035 2823 1093 Coll. Bamb. III. 2, Comp. I. L. 5. t. 27. c. 1, Decr. Greg. L. V. t. 31. c. 1. —
916 1084 1520 1150 „Pervenit ad audientiam“.
863 1128 2836 1203 14193 (9261) Quibusdam mandat, ut decumas quasdam et oblationes iubeant G. clerico
914 1196 2828 1256 restitui. Comp. II. L. 3. t. 11. c. 1, Mansi XXI. 1097. — „Constitutus in praesentia“.
866 1245 2832 1318 14194 (9262) Quibusdam praescribit, ne filios lohannis et T. mulieris „succedere in
919 1313 2832 1375 bona paterna prohibeant“. App. conc. Lat. XXXIII. 4, Coll. Lips. LXIII. 2, Coll.
916 1364 2832 1433 Cass. LXII. 2, Coll. Bamb. LIV. 4, Comp. I. L. 4. t. 18. c. 2, Decr. Greg. L. IV.
914 1413 1619 1484 t. 17. c. 2. — „Cum inter I.“
868 1470 2832 1539 14195 (9263) Quibusdam mandat, ut ecclesiam de Frag. iubeant G. clerico de Nobil.
919 1532 2830 1596 restitui a Philippo comite de Columbis. Comp. II. L. 1. t. 16. c. 2, Mansi XXI.
919 1576 1758 1647 1094. — „Veniens ad praesentiam“.
861 1623 2832 1702 14196 (9264) Quibusdam scribit de causa A. clerici, quae vertitur inter ipsum et Sales-
914 1698 2828 1764 beriensem episcopum super ecclesia de Bribec. Comp. II. L. 1. t. 18. c. 1, Decr.
914 1744 2052 1806 Greg. L. I. t. 38. c. 2. — „Querelam A. clerici“.
863 1788 2832 1863 14197 (9265) Statuit, clericos „extra provinciam suam in transmarinis partibus ordina-
916 1861 2830 1930 tos“ pro ordinatis non esse habendos. App. conc. Lat. XXVI. 26. — „Quia quidam
916 1914 1102 1974 clerici“.
863 1956 2830 2033 14198 (9266) Statuit haec: „Suffraganeis alicuius metropolitani ad mandatum ipsius,
916 2025 2832 2091 post confirmationem electionis suae, etiamsi pallium non receperit, licitum est electum
914 2069 2830 2144 aliquem consecrare, qui ad eius iurisdictionem pertineat“. Comp. II. L. 1. t. 3. c. 1,
914 2128 2693 2188 Decr. Greg. L. I. t. 6. c. 11. — „Suffraganeis alicuius“ „Suffraganeis autem“.
835 2173 2823 2248 f14199 (9267) Iubet haec: „Nemo presbyterorum xenium vel emolumentum quodlibet
912 2232 2828 2305 temporale a quocumque publice peccante vel incestuoso accipiat, ut episcopo vel
914 2294 2828 2365 ministris eius peccatum celet“. (Secundum Burchardi collectionem pertinet ad
914 2345 2828 2411 Alexandrum I.; sed quia in Coll. can. Alexandro III. ascribi solet et inter Regesta
914 2404 2825 2468 Alexandri I. deest decretalis, hoc loco eam manere sivimus). Coll. Lips. I. 6, Coll.
908 2462 2825 2524 Cass. XIII. 6, Coll. Bamb. I. 5, Comp. I. L. 5. t. 2. c. 13, Decr. Greg. L. V. t. 3.
910 2517 1685 2585 c. 14. — „Nemo presbyterorum“.
861 2552 2828 2634 14200 (9268) Scribit ita: „Si quis sane puerum tunc merserit dicendo: „„in nomine
914 2621 2825 2696 patris et filii et spiritus sancti““, si non dixerit: „„ego te baptizo““ talis immersio
910 2669 2819 2742 non potest dici baptimus“ cet. Coll. Luc. ap. Baluzii Misc. III. 373, Mansi XXI. 1101
908 2736 2819 2795 Comp. II. L. 5. t. 19. c. 1. 2, Decr. Greg. L. III. t. 42. c. 1. 2, cf. Manrique Ann.
908 2789 2549 2848 Cist. III. 39. — „Si quis sane“ „Si quis puerum“ „De quibus dubium“.
861 2837 2821 2906 14201 (9269) Scribit „de infantibus, qui mortui reperiuntur cum patre et matre“. Comp.
905 2888 2520 2959 II. L. 5. t. 5. c. 1, Decr. Greg. L. V. t. 10. c. 3. — „De infantibus“.
857 2945 2819 3016 14202 Statuit, ut si apud monachum „pecunia fuerit inventa et in vita non patefecerit,
910 3007 2819 3071 nec ad ecclesiam nec ad hospitale sepeliatur, sed extra civitatem in campis ponatur“.
908 3056 1957 3120 Comp. II. 3. t. 22. c. 1. — „Si cum aliquo“.
859 3100 2821 3184 14203 Laicum decimas aut ecclesiam sine pontificis licentia monasteriis vel canonicis
908 3168 2819 3233 conferre vetat. App. conc. Lat. XV. 18, Coll. Lips. LII. 23, Coll. Cass. LIII. 16,
908 3221 2819 3288 Coll. Bamb. XLV. 16, Comp. I. L. 3. t. 33. c. 21, Decr. Greg. L. III. t. 38. c. 17.
908 3270 1354 3352 — „Nullus laicus“.
857 3316 2821 3400 14204 Statuit, ut altare, „si motum fuerit aut lapis suprapositus, qui sigillum continet,
908 3392 2819 3462 confractus aut diminutus exstiterit“, denuo consecretur. Comp. II. L. 5. t. 20. c. 1,
910 3442 2295 3557 Dcer. Greg. I. IIf. t. 40. c. 1. — „-Desinant“ „Ae haec si“.
1102 145 2026 236 ALEXANDER III. 1159—1181.
