3007 3975
154 788 371 887 Febr. 14.
159 916 368 998 Mart. 6.
152 1026 368 1150 Iun. 24.
676 309 1005 388 1159—1181.
704 373 2677 465 14205 Edicit, „indignum esse, aliquem sibi sua auctoritate praesumere, quod Romana
760 454 2675 512 ecclesia alicui, certa ratione inspecta, singularibus voluerit beneficiis indulgere“. Decr.
755 496 1889 571 Greg. L. V. t. 33. c. 9. — „Temerarium est et“.
709 547 2675 624 14206 Statuit, ut sacerdotes, qui matrimonium contraxerunt, „post longam poenitentiam
760 613 2677 680 et vitam laudabilem“, officio suo restitui possint. Comp. II. L. 3. t. 2. c. 1, Decr.
760 664 2059 744 Greg. L. III. t. 3. c. 4. — „Causam“ „Sane sacerdotes“.
673 733 1014 814 1160—1181.
707 819 2677 894 14207 *Abbatiae Longi-pontis „monachos, conversos vel professos sine licentia abbatis et
755 889 2677 945 conventus recipi vel retineri“ vetat. Compendiosum abb. Longi-pontis chron. p. 54.
711 942 2677 1004 14208 Inter ecclesiam S. Leodegarii Suessionensem et monasterium Longi-pontis factam
757 998 2423 1055 compositionem approbat. Compendiosum abb. Longi-pontis chron. p. 54.
713 1053 2677 1110 14209 Martino, abbati S. Vedasti Atrebatensis, eiusque successoribus usum tunicae et
757 1095 2677 1177 dalmaticae concedit. In bibl. nat. Paris. Coll. Moreau t. 70. f. 136. — „Ilas per-
757 1166 932 1225 sonas“.
704 1199 2677 1278 14210 (9270) (Manassi), episcopo Aurelianensi, mandat, ut lohanni decano „iuxta pro-
760 1274 2675 1333 missionem suam, primam vel secundam praebendam, quae in ecclesia eius vacaverit,
760 1331 2677 1391 concedat pariter et assignet“. Gilberti Foliot epist. ed. Giles II. 80, Migne 200 p. 1280.
760 1375 1378 1446 — „Dilectus filius noster“.
673 1442 1003 1543 1161— 1181.
704 1528 2680 1609 14211 Monasterium S. Eugenii Diogilense tuendum suscipit, eiusque bona et iura con-
757 1603 2677 1667 firmat, petente Daniele priore. Mém. de la soc. de L'hist. de Paris. V. 143. — „Re-
755 1658 1398 1724 ligiosam vitam eligentibus“.
707 1709 2680 1771 14212 Monasterii S. Leodegarii Suessionensis tuitionem suscipit, possessionesque et privi-
757 1768 2677 1839 legia confirmat, petente Roberto abbate. Pécheur Cartul. de S. Léger de Soissons
755 1819 1568 1885 p. 43. — „Quotiens illud a nobis“.
702 1874 2675 1941 14213 Monasterium S. Leodegarii Suessionense tuendum suscipit eiusque disciplinam,
755 1925 2677 1998 possessiones, privilegia confirmat, petente Roberto abbate. (Diversa est bulla a prae-
755 1980 2677 2062 cedenti.) Pécheur Cartul. de S. Léger de Soissons p. 37. — „Quotiens illud a
755 2036 927 2097 nobis“.
702 2086 2677 2161 14214 (9271) B(artholomaeo), episcopo Exoniensi, de Hugonis et M. matrimonio seribit
755 2155 2675 2212 „tali linea consanguinitatis coniunctorum, quod nullo modo possint insimul legitime
757 2212 2671 2274 commorari“. App. conc. Lat. VIII. 23, Coll. Lips. LIX. 57, Coll. Cass. LVIII. 39,
751 2263 2061 2327 Comp. I. L. 4. t. 19. c. 3. — „Pervenit ad audientiam“.
704 2303 2673 2380 14215 (9272) B(artholomaeo), episcopo Exoniensi, scribit de R., qui „cum quamdam
757 2378 2673 2435 mulierem cognovisset, postea consobrinam eius in uxorem accepit“. App. conc. Lat.
760 2426 1628 2495 XII. 5. — „Veniens ad praesentiam“.
704 2462 2673 2546 14216 (9273) B(artholomaeo) episcopo Exoniensi (al. capitulo Burdegalensi) scribit de
757 2537 2671 2603 clerico, qui clericum invitus necaverit. App. conc. Lat. XXVI. 14, Coll. Lips. XI. 12,
755 2594 2668 2656 Coll. Cass. XXI. 18, Coll. Bamb. XI. 13, Comp. I. L. 5. t. 10. c. 10, Decr. Greg.
755 2650 1880 2714 L. V. t. 12. c. 9. — „Lator praesentium nobis“.
704 2691 2673 2773 14217 (9274) Bfartholomaeum), episcopum Exoniensem, laudat, quod R. sacerdotis filio
757 2758 2668 2822 tribui ecclesiam passus non sit; sed eundem, cum „in subdiaconatu sit ordinatus,
755 2813 2671 2873 omnino debere ecclesiastici beneficii carere perceptione“ negat. App. conc. Lat. XIX.
757 2857 2668 2930 6, Coll. Cass. XXXIII. 6, Coll. Bamb. XXIII. 6, Comp. I. L. 1. t. 9. c. 7, Decr. Greg.
755 2919 1657 2990 L. I. t. 17. c. 6. — „Proposuit nobis“.
707 2970 2673 3036 14218 (9275) B(artholomaeo), episcopo Exoniensi, et abbati Forden. mandat, iudicent
757 3023 2671 3096 inter R. et H., de hereditate litigantes. Coll. Lips. LXIII. 5, Coll. Cass. LXII. 4,
757 3087 2668 3151 Coll. Bamb. LIV. 7, Comp. I. L. 4. t. 18. c. 5, Decr. Greg. L. IV. t. 17. c. 5. —
760 3142 1380 3208 — „Lator praesentium R.“
704 3186 2671 3259 14219 (8968. 8981. 9045. 9046) B(artholomaeo) Exoniensi episcopo (al. Episcopo Lexo-
757 3252 2671 3310 viensi, al. Brixiensi) respondet: 1) de iudicibus delegatis ac „de violenta eiectione“;
757 3303 2671 3365 2) de iis, qui sint ad personatum parochialis ecclesiae admittendi: 3) de parochialibus
760 3358 2668 3420 ecclesiis reficiendis; 4) „mulierem posse nubere infra tempus luctus sine infamia“.
760 3414 2668 3478 App. conc. Lat. VII. 16, IX. 2, XXII. 5. 6, XXV. 5, XXIX. 2, Coll. Lips. XIX. 5. 8,
757 3469 2666 3570 XXXV. 16. XXXIX. 10. 11. I.XIV. 2. Coll. Cass. XXX. 6. S. XIII. 17. XI.V. 6. 7.
2293 3522 2388 3615 51*
943 154 1871 256 ALEXANDER III. 1159—1181.
2549 165 2680 258 403
