3007 3975
300 132 426 311 4o*
846 291 1168 382 1161—1181.
925 357 2843 443 Coll. Bamb. XX. 6, XXXIII. 16, XXXVI. 5. 6, LVI. 2, Comp. I. I. 1. t. S. c. 6,
925 426 2839 494 L. 1. t. 21. c. 14, L. 2. t. 9. c. 5. 6, L. 3. t. 35. c. 3, L. 4. t. 22. c. 2, Decr. Greg.
930 483 2839 545 L. I. t. 14. c. 5, L. I. t. 29. c. 9, L. II. t. 13. c. 5. 6, L. III. t. 48. c. 4, L. IV.
930 536 2841 613 t. 21. c. 4. — „In litteris, quas“ „In litteris tuis“ „Super illa quaestione“ „Super
927 591 2839 666 illa vero“ „Item cum aliquis“ „Item cum quis“ „Cum quis dicit“ „Praeterea licet ad“
927 642 2399 730 „De his qui parochiales“ „De iis autem qui“ „De his sane qui“.
843 733 1173 825 1162—1181.
870 806 2843 901 14220 Pontio, archiepiscopo Narbonensi, monasterii S. Pauli administrationem asserit,
925 892 2841 949 timens, ne vicecomites Narbonenses iurisdictionem in eo sibi vindicent. Anal. iur.
927 936 2839 1020 pont. XIV. 657, Horoy Medii aevi bibl. patrist. II. Epist. Honor. III. p. 85. —
927 993 1336 1064 „Ex litteris tuis“.
879 1037 2843 1117 14221 Monasterium S. Dionysii iuxta Montes (Hannoniae seu Brocareiense) tuendum
925 1113 2843 1174 suscipit, eiusque possessiones et privilegia confirmat, petente Gervasio abbate. In
925 1154 2379 1247 bibl. nat. Paris. ms. lat. 12771. f. 284. — „Officii nostri nos“.
841 1243 1177 1351 1163— 1181.
872 1333 2847 1411 14222 (9276) G(ilberto), episcopo Londinensi, et R. archidiacono mandat, ut „clericos
930 1408 2845 1464 et laicos ab illicitis coniugiis et contuberniis prorsus desistere compellant“. Gilberti
927 1457 2733 1517 Foliot epist. ed. Giles II. 89, Migne 200 p. 1280. — „Significatum est nobis“.
879 1508 2845 1581 14223 (9277) G(ilberto) episcopo Londinensi praescribit, ne „sacerdotum filios et in
932 1572 2845 1629 sacerdotio genitos in ecclesiis, in quibus patres antea ministraverint, succedere“ pa-
930 1620 2845 1691 tiatur. Gilberti Foliot epist. ed. Giles II. 90, Migne 200 p. 1281. — „Ad audien-
930 1684 1285 1740 tiam nostram“.
850 1773 1184 1861 1164—1181.
879 1841 2847 1930 14224 (9278) Exoniensi et Wintoniensi episcopis mandat, si D. presbyter ecclesiam de
936 1921 2847 1978 Waplam „diutius ante concilium Turonense tenuerit, eum ab impetitione mona-
932 1965 2845 2055 chorum de Lentunen. absolvant“. App. conc. Lat. XLI. 2. — „Significavit nobis D.“
850 2060 1182 2157 1165—1181.
879 2139 2847 2230 14225 (8897) Ecclesiae S. Mariae Carnotensis protectionem suscipit, canonicorumque
934 2217 2843 2283 possessiones ao privilegia quaedam confirmat, petente Gaufrido decano. Lépinois et
934 2270 2845 2354 Merlet Cartul. de N.-D. de Chartres I. 174, Theodori Poenitentiale II. 425. — „Quo-
932 2318 1241 2398 ties illud a“.
852 2404 1188 2502 1166— 1181.
881 2482 2845 2566 14226 (9279) Suenoni, episcopo Arusiensi, respondet, fratres ordinis Cisterciensis „a
934 2557 2845 2619 solutione decimarum de laboribus suis, quos propriis manibus vel sumptibus excolant,
932 2612 2843 2672 sive de nutrimentis animalium suorum omnino liberos esse et immunes“. Langebek
932 2661 2337 2733 SS R. Dan. V. 252, Migne 200 p. 1281. — „Cum tua nos“.
883 2707 2843 2793 14227 Eustachio abbati et fratribus S. Eligii bullam dat. Neues Archiv VII. 107.
936 2769 1427 2846 — „Piae postulatio“.
852 2848 1188 2950 1167—1181.
881 2930 2845 3009 14228 (9280) B(artholomaeo), episcopo Exoniensi, et Simoni, abbati S. Albani, scribit
934 2992 2843 3069 de controversia Roberti de Ber et Willelmi clerici. Gilberti Foliot epist. ed. Giles II. 84,
934 3056 1842 3129 Migne 200 p. 1282. — „Robertus de“.
885 3109 2841 3175 14229 (9281) Episcopum Tornacensem iam iterum hortatur, ut M., in Iudaeis genitum,
936 3164 2841 3230 qui sacra Christiana susceperit, „in canonicum ecclesiae suae recipiat et ei stallum
934 3213 2839 3283 in choro et locum in capitulo assignet“. Comp. II. L. 1. t. 2. c. 3, Decr. Greg. L. I.
934 3268 1948 3334 t. 3. c. 7. — „Eam te“ „Dudum siquidem“.
872 3321 2841 3403 14230 Monasterii Cerasiensis privilegia et possessioncs confirmat, petente Martino ab-
932 3383 2839 3447 bate. (Legitur francogallice reddita in) Chartul. Ceras. p. 13 in Arch. dép. de la
927 3433 2527 3548 Manche in St.-16. Misit Delisle. — („Religiosam vritam eligentibus“)
1104 132 2034 225 ALEXANDER III. 1159—1181.
