3007 3975
300 141 426 227 406
846 282 1170 373 1171— 1181.
578 344 819 439 Tuscnulani
315 313 545 430 lan. 9.
881 351 2847 432 14243 Bulla pro prioratu, ut videtur, Bohonensi. Inventaire des titres du prieuré de
932 421 2847 494 Bohon fol. 108 in Arch. dép. d'Indre et Loire in Tours. (Indicavit Delisle. Exstat
927 472 1416 541 inter schedas Jafféi).
879 525 2845 598 14244 Fratribus Corbeiensibus (dioc. Ambian.) concedit, ne quis homines eorum, „de
355 512 536 618 „ 10.
665 549 751 611 „
930 589 2843 653 quibus ipsi iura episcopalia percipiant“, excommunicet aut, si excommunicati fuerint,
925 642 2841 708 absolvat, cet. In bibl. nat. Paris. Cartul. de Corbie ms. lat. 17758. s. XIII. f. 227,
927 697 2554 757 ms. lat. 17759. s. XIII.—XIV. f. 38b. — „Licet omnium ecclesiarum“.
879 746 2845 810 14245 Monasterii Corbeiensis (d. Ambian.) decimas quasdam confirmat. In bibl. nat. Paris.
357 726 539 823 „ 16.
669 755 748 830 „
925 806 2843 865 Cartul. de Corbie ms. lat. 17759. s. XIII. —XIV. f. 36. — „Iustis petentium desideriis“.
879 854 2843 920 14246 Canonicos S. Antonini Placentinos rogat, ut controversiam cum Ard(uinoy. Ro-
353 850 539 934 „ 18.
660 856 748 931 „
925 918 2843 976 manae ecclesiae subdiacono, praebendam in eorum ecclesia postulanti, componant.
927 971 2845 1033 Pflugk-Harttung Acta III. 282, (Wiener Sitzungsber. XCIV. 670). — „Literis devo-
927 1031 1283 1093 tionis vestrae“.
357 1073 539 1146 „ 21.
881 1068 2845 1141 14247 (9287) Duci Venetiarum Henricum, patriarcham Gradensem, maxima necessitate
656 1084 748 1216 „
930 1141 2847 1201 pressum, commendat, suadetque, ut sedem patriarchatus Venetias transferri sinat.
930 1194 2653 1249 Cornelii Eccl. Ven. III. 75, Migne 200 p. 1284. — „Non sine contemptu“.
881 1243 2845 1302 14248 Fratribus S. Germani de Pratis Parisiensis petentibus, sepulturam locorum, in
355 1205 541 1325 „ 25.
658 1243 751 1338 „
930 1298 2845 1362 quibus quatuor aut tres eorum assidue commorentur, liberam esse decernit. Autogr.
925 1351 1736 1415 in tabul. nat. Paris. L. 231 n. 37.
353 1393 539 1479 „ 24.
877 1400 2847 1470 14249 Priori et praeceptori domus hospitalis S. Egidii interdicit, ne homines ab epi-
665 1406 744 1488 „
927 1468 2845 1530 scopo Biterrensi excommunicatos, ad divina officia vel ad sepulturam recipiant. In
927 1519 2668 1583 bibl. nat. Paris. Coll. Doat. p. 61. f. 98. — „Venerabilis frater Biterrensis“.
353 1548 536 1651 „ 24.
879 1574 2847 1651 14250 Canonicis S. Mariae Blesensibus permittit, ut „praebendas, quas laici in ecclesiis
665 1561 742 1649 „
925 1634 2845 1693 eorum iure heriditario detineant, decimas etiam, quas infra metas parochiarum
925 1687 2841 1751 occupent et possessiones ecclesiasticas ab eis titulo pignoris sub ea forma recipiant,
930 1742 2847 1797 ut fructus inde percepti in sortem nullatenus computentur“. Chartul. de Burgo-medio
932 1795 2845 1855 Bles. Coll. Housseau 12. I. f. 72b in bibl. nat. Paris. (Auvray Notice sur le ms.
925 1841 2841 1908 Ottobon. 2966 p. 18 in Mélanges d'arch. et d'hist. VI.) — „Cum iustas multorum“.
355 1863 536 1972 „ 25.
881 1910 2843 1974 14251 Fratres Gornaienses a solvendis decumis eximit. Autogr. in tabul. nat. Paris.
665 1883 742 2027 „
927 1954 1758 2022 L. 230. n. 12. — „Officio pietatis“.
357 2000 541 2082 „ 25.
881 2007 2845 2075 14252 Monasterii S. Aegidii possessiones, sine fratrum assensu, alicui religioso loco
662 2011 751 2142 „
932 2069 2841 2128 conferri vel praedia et redditus monasterii quoquam modo alienari vetat. Goiffon
932 2128 2315 2181 Bull. de St.-Gilles p. 82. — „Quanto monasterium vestrum“.
355 2139 536 2261 „ 29.
881 2175 2843 2239 14253 Fratribus hospitalis Munsteriensis decimas et cappellas quasdam, a Petro archi-
660 2188 760 2267 „
932 2230 2843 2298 episcopo Tarantasiensi donatas, asserit. Besson Mém. p. s. a. I'hist. eccl. de Genève
930 2285 1858 2356 p. 372. — „Iustis petentium desideriis“.
360 2332 541 2413 „ 30.
881 2343 2841 2404 14254 (9288) Gilberto, episcopo Londinensi, mandat, cogat Albericum comitem, ut A.
658 2343 760 2535 „
932 2398 2841 2460 uxorem suam „debita cum veneratione suscipiat, et ei participationem in mensa, com-
932 2455 2841 2521 munionem in thoro non differat exhibere“. Gilberti Foliot epist. ed. Giles II. 90,
934 2499 1944 2566 Migne 200 p. 1285. — „Nobilis mulier A.“
322 2515 543 2638 Febr. 1.
881 2559 2843 2623 14255 Canonicorum ecclesiae S. Stephani Trecensis, ministerio altaris S. Mauritii depu-
660 2552 771 2654 „
932 2614 2843 2680 tatorum, bona quaedam confirmat. In bibl. nat. Paris. Cartul. de St.-Etienne, ms. lat.
932 2674 2379 2731 17098. s. XIII. —XIV. f. 103. — „Iustis petentium desideriis“.
881 2727 2843 2789 14256 *Leprosorum Senonensium tutelam suscipit, decimarumque immunitatem confir-
360 2720 539 2804 „ 5.
665 2720 753 2802 „
934 2789 1984 2848 mat. Quantin Cart. gén. de I'Vonne II. 161.
353 2815 541 2897 „ 7.
881 2826 2843 2901 14257 (9289) Roberto clerico, personae ecclesiae de Chedelewirthe, capellam de Vueleia
660 2806 757 2910 „
932 2897 2408 2950 asserit. Rymer Foederea I. 43. — „Iustis petentium desideriis“.
881 2937 2843 3012 14258 (9290) Oder(isio) Valvensi, et Aprutino, Marsicano, Pennensi, Furconiensi epi-
351 2939 539 3018 „ 7.
660 2934 760 3025 „
932 2996 2839 3062 scopis, capitulo Teatino, abbati S. Vincentii mandat, cogant Gentilem de Raino, ut
934 3058 2839 3120 monasterio Piscariensi debitum censum solvat. Chron. Casaur. ap. Muratori R. It.
932 3107 2242 3171 SS. II. II. 911, Migne 200 p. 1286. — „Ex transmissa“.
881 3153 2841 3228 14259 (9291) Aprutino et Pennensi episcopis dat negotium, ut ab ecclesiis monasterii
357 3151 543 3261 „ 7.
662 3160 764 3235 „
936 3221 2839 3281 Piscariensis defendant iniurias. Chron. Casaur. ap. Muratori R. It. SS. II. II. 911,
934 3270 1944 3343 Migne 200 p. 1287. — „Significavit nobis“.
881 3314 2841 3398 14260 Ecclesiae Claromontensis possessiones et iura quaedam confirmat, petente P(ontio)
353 3299 545 3493 „b.
649 3319 764 3482 „
932 3378 2839 3467 episcopo. Mém. de L'acad. de Glermont-Ferrand XIX. 311, Mon. pont. Arverniae p. 319.
934 3440 1630 3546 — „Licet universis fratribus“.
1113 130 2034 220 ALEXANDER III. 1159—1181.
