3007 3975
647 309 969 393 1171—1181.
676 366 2644 457 14261 Monasterio S. Vincentii Silvanectensi asserit ecclesiam de Marinis, a R(otrodo)
384 371 618 463 Tusculani
125 371 342 468 Febr. 17.
729 452 2644 516 archiepiscopo Rotomagensi datam. Ex Orig. in Arch. dép. de lOise in Beauvais.
729 501 1787 571 Misit Delisle. — „Iustis petentium desideriis“.
678 547 2646 620 14262 Petro abbate et fratribus S. Remigii Remensibus petentibus, confirmat Friderici
161 547 338 640 „ 18.
459 554 556 636 „
729 616 2644 675 imperatoris (tunc regis) constitutionem de „obsequio ab advocato Marsnensis curiae
731 671 2649 733 requirendo“. In bibl. nat. Paris. ms. lat. 12693 (Monasticon Benedict. XXXVI.)
729 719 1668 786 f. 147b. — „Iustis petentium desideriis“.
680 768 2649 841 14263 Privilegium edit contra hos, qui „fratres templi Hierosolymitani de suis equis
159 777 338 854 „ 22.
459 764 558 887 „
729 832 2649 896 deiiciunt aut inhoneste tractant seu eos contumeliosis verbis afficiunt“. Prutz Malteser
729 894 1011 947 Urk. p. 41.
678 936 2651 1007 14264 Caturcensem et Diensem episcopos iudices constituit inter canonicos Brivatenses
161 934 340 1024 „ 24.
459 931 556 1009 „
731 1004 2646 1060 et monachos Casae-Dei, super iuribus quibusdam in monasterio Cantogilensi litigantes.
731 1055 2644 1115 Mém. de L'acad. de Clermont-Ferrand XIX. 313, Mon. pont. Arverniae p. 321. —
729 1110 1215 1170 „Ex parte ecclesiae“.
678 1157 2651 1232 14265 Monasterii S. Germani de Pratis Parisiensis terras in feudum retentas, sine
156 1159 338 1245 „ 25.
461 1152 543 1254 „
729 1221 2646 1278 fratrum assensu, quoquomodo alienari vetat. Autogr. in tabul. nat. Paris. L. 230.
726 1278 1687 1331 n. 16. — „Considerata devotione vestra“.
678 1327 2651 1389 14266 Petro abbati et fratribus S. Remigii Remensis privilegium dat. Neues Archiv
156 1316 338 1397 „ 26.
470 1325 547 1402 „
733 1384 1420 1450 VII. 107. — „Si quando ab“.
678 1431 2651 1508 14267 (9292) G(ilberto), episcopo Londinensi, scribit de sacerdotibus uxoratis remo-
123 1424 340 1521 Mart. 1.
461 1428 554 1523 „
729 1492 2651 1559 vendis. Gilberti Foliot epist. ed. Giles II. 88, App. conc. Lat. XVIII. 3, Coll. LipS.
729 1537 2644 1612 LXIV. 3, Coll. Cass. LXIII. 3, Coll. Bamb. LV. 3, Comp. I. L. 3. t. 3. c. 2. —
729 1603 1813 1667 „Universalis ecclesiae“ „Universalis sollicitudo“.
678 1656 2651 1722 14268 Iohanni decano et capitulo Noviomensi asserit theloneum civitatis Noviomensis.
159 1645 340 1749 „ 4.
461 1654 556 1760 „
731 1718 2649 1775 Ex Chartul. capituli Noviom. in Arch. dép. de I'Oise in Beauvais. Misit Delisle. —
729 1773 1389 1828 „Iustis petentium desideriis“.
676 1819 2653 1888 14269 (9293) Abbatibus Cisterciensibus concedit, „ut unusquisque eorum fratres mona-
159 1810 335 1894 „ 7.
455 1819 556 1943 „
731 1883 2651 1945 sterii sui, si qui, cum ad conversationem eius accedant, vel postea confessi fuerint,
729 1936 2653 1998 quod pro appositione ignis aut pro violenta manuum iniectione in clericum vel aliam
731 1985 2653 2051 religiosam personam vinculo teneantur excommunicationis adstricti, facultatem habeat
731 2044 2651 2104 absolvendi et poenitentiam iniungendi“. Henriquez Regula p. 55. — „Cum sitis arctius“.
680 2091 2653 2159 14270 Leprosis apud ecclesiam S. lacobi Catalaunensem commorantibus decimas quas-
161 2091 342 2179 „ 7.
466 2086 563 2206 „
733 2159 2651 2217 dam asserit. Bona eorum tuenda suscipit ac confirmat. Pflugk-Harttung Acta I. 250.
731 2212 1420 2276 — „Caritatis officium exigit“.
680 2259 2655 2340 14271 (9294) Omnibus regulam Grandimontensem observantibus „laborem, quem in ipsa
159 2248 344 2329 „ 8.
461 2254 561 2385 „
733 2323 2655 2378 observantia patiuntur, loco poenitentiae et in peccatorum remissionem iniungit“, ipsam-
731 2376 2653 2433 que regulam confirmat. (Privilegium non videtur a suspicione remotum. Sane Gran-
733 2424 2653 2488 dimontensem ordinem falsariis non caruisse, probat Delisle in Mém. de la soc. des
733 2482 2653 2546 antiqu. de Normandie II. sér. X. 171 sq). Gall. Chr. II. Instr. 191, Migne 200
733 2530 1455 2605 p. 1287. — „Quanto amplius“.
682 2581 2653 2654 14272 (9295) Abbati Praemonstratensi concedit, „ut fratribus et conversis ordinis poe-
165 2577 349 2674 „ 13.
466 2506 563 2685 „
731 2647 2655 2709 nitentiam iniungendi et ipsos absolvendi, et tonsuras novitiis clericis faciendi habeat
733 2707 2651 2762 facultatem“. Le Paige Bibl. Praem. p. 630, Migne 200 p. 1288. — „Cum sis pater“.
687 2756 2655 2817 14273 (9296) T(heoderico) abbati et fratribus Tuitiensibus decimam villae Ryleshoven
165 2749 349 2833 „ 14.
468 2742 561 2875 „
731 2802 2655 2875 asserit. Pflugk-Harttung Acta I. 280, (Ledebur Allgem. Archiv XV. 284). — „Iustis
729 2864 1230 2923 petentium desideriis“.
684 2917 2653 2979 14274 Capitulo ecclesiae Metensis privilegium dat. Neues Archiv VII. 107. — „Quae a viris“.
167 2912 351 2992 „ 17.
477 2910 545 2992 „
684 2974 2655 3038 14275 (9297) Archiepiscopis et. episcopis mandat, ut iura monasterii S. Dionysii a
165 2974 346 3060 „ 21.
461 2970 563 3069 „
737 3032 2651 3098 malefactoribus tueantur. Doublet Hist. de St. Denys 509, Migne 200 p. 1288. —
737 3078 1212 3149 „Cum monasterium“.
684 3133 2655 3206 14276 Rectori et fratribus S. lohannis de Porta S. Salvatoris Atrebatensis asserit 200
167 3127 351 3224 „ 25.
461 3069 567 3259 „
731 3186 2655 3255 libras Flandrensis monetae annuatim percipiendas: 100 ex tabulis nummulariorum
737 3252 2655 3312 Atrebatensium et 100 ex traverso de Bapalmis. Ex Coll. Moreau t. 84. f. 175 in
737 3308 2191 3361 bibl. nat. Paris. Misit Delisle. — „Iustis petentium desideriis“.
687 3347 2655 3436 14277 (9298) Henrico patriarchae Gradensi, et V(itali) episcopo Castellano (Veneto). mandat,
170 3347 349 3453 „ 26.
459 3352 567 3438 „
737 3416 2653 3482 ut sententiam, inter priorem S. Salvatoris et plebanum S. Bartholomaei latam, servandam
740 3467 2638 3573 curent. Cornelii Eccl. Ven. XIV. 99. Migne 200 p. 1289. — „Ex litteris dilecti“.
912 156 1836 256 ALEXANDER III. 1159—1181.
2520 154 2646 260 407
