3007 3975
302 123 421 214 408
841 273 1170 373 1171—1181.
578 322 817 488 Paetenti
877 337 2845 424 14278 Falconi, canonico Tranensi, concessam a B(ertrando) archiepiscopo ecclesiam S.
313 331 463 432 Mart.
925 410 2839 477 Leonis iuxta portum asserit. („S. . . o kal. Apr.“ aut „Secundo“ aut „Sexto kal. Apr.“
927 474 2790 530 legi potest.) Prologo Le carte di Trani p. 135. — „Iustis petentium desideriis“.
322 503 536 609 Apr. 6.
877 516 2843 594 14279 Fratribus S. Stephani Divionensibus concedit, ut tempore generalis interdicti
660 521 751 598 „
925 580 2843 640 liceat eis „clausis ianuis, exclusis excommunicatis et interdictis, supressa voce, divina
927 640 2671 704 officia celebrare“. Pflugk-Harttung Acta I. 280. — „Si quando postulatur“.
879 686 2845 748 14280 Canonicorum Bononiensium possessionem decimationum Gadii et trium ecclesia-
357 691 539 761 „ 9.
671 691 746 768 „
927 750 2556 812 rum confirmat. Pflugk-Harttung Acta III. 283. — „Quotiens a nobis“.
879 801 2843 865 14281 (9299) Archiepiscopum Turonensem et episcopos, in quorum dioecesibus sitae
353 801 539 883 „ 12.
658 799 751 881 „
927 856 2841 918 sunt possessiones ecclesiae b. Martini Turonensis, hortatur, ut ablata eidem ecclesia,
930 909 2845 967 reddi infra 15 dies, postquam requisiti fuerint, iubeant. Rec. sur Saint-Martin de
932 958 2558 1029 Tours p. 23, ex quo ap. Migne 200 p. 1289. — „Cum ecclesia beati“.
883 1022 2845 1084 14282 Archiepiscopo Senonensi et eius suffraganeis mandat, ne prope abbatiam Ioiacen-
355 1015 541 1099 „ 15.
665 1022 748 1124 „
932 1075 2843 1139 sem vel grangias monachorum mansiones novas fieri patiantur. Ex Chartul. Ioiac.,
932 1130 2845 1190 ms. lat. 9172. p. 161 in bibl. nat. Paris. Misit Delisle. (Sed in eiusdem bibl. ms.
927 1174 2406 1245 lat. 16992 f. 158“ legitur: „XVI. kal. Iun.“). — „Gratum deo“.
881 1234 2847 1296 14283 (9300) Decano et capitulo Trecensi interdicit „ne quis eorum, cum in episcopum
360 1194 534 1316 „ 20.
660 1247 748 1395 „
930 1294 2845 1360 electus vel consecratus fuerit, praebendam ante habitam vel alios reditus ecclesiae,
930 1353 2847 1411 nisi quod ad ius episcopale constiterit pertinere, ad suos usus retineat. Camuzat
925 1402 2845 1470 Promptuarium p. 123“, Lalore Coll. des cart. V. 36, Pflugk-Harttung Acta I. 280.
930 1464 1363 1514 — „In his, quae“.
879 1508 2847 1574 14284 Canonicis Rotomagensibus asserit ecclesiam Beccensem, a Rotrodo archiepiscopo
357 1506 536 1592 „ 20.
665 1514 742 1607 „
932 1572 2845 1634 ea lege concessam, ut „eiusdem ecclesiae fructus illis canonicis annuatim distribuantur,
927 1623 2843 1689 qui post mortem eius in anniversario die officia pro anima eius celebraturi sint“.
925 1676 2045 1744 Pflugk-Harttung Acta I. 281. — „Ea quae pia“.
879 1726 2847 1790 14285 Plebano et fratribus S. Mariae Marturensibus iterum praecipit, ut antiquas se-
355 1724 536 1802 „ 23.
651 1735 748 1861 „
930 1777 2850 1855 pulturas monasterii S. Michaelis Marturensis liberas dimittant neve festivitates eius
927 1843 2847 1901 speciales celebrent. Episcopum Florentinum super mandato exequendo vigilaturum
930 1901 2644 1954 esse, addit. Pflugk-Harttung Acta III. 283. — „Audivimus et vehementi“.
879 1945 2847 2016 14286 Canonicis Vercellensibus indulget, ne de laboribus suis decimas laicis solvant.
353 1947 539 2020 „ 27.
665 1952 746 2029 „
932 2007 2845 2069 Statutum, ut canonici „nihil de praebenda ecclesiae percipiant, donec praeter licen-
927 2053 2847 2131 tiam et voluntatem capituli aliis ecclesiis deservierint“, confirmat. Pflugk-Harttung
930 2111 1911 2184 Acta III. 284. — „Cum sit a sanctorum“.
879 2168 2847 2232 14287 Fratribus S. Stephani Ianuensibus possessionem hospitalis iuxta monasterium con-
357 2126 539 2245 „ 30.
667 2177 753 2252 „
930 2226 2823 2283 structi confirmat. Pflugk-Harttung Acta III. 284. — „Iustis petentium desideriis“.
324 2237 536 2354 Mai. 7.
881 2283 2847 2349 14288 Archidiacono, praeposito et canonicis Senensibus mandat, ut parochianis de Pugna
665 2279 757 2360 „
934 2334 2847 2396 liberam adeundi ecclesiam Alfianensem vel sepulturam ibi eligendi facultatem con-
934 2387 2845 2453 cedant, dummodo prior Alfianensis iura praefatae ecclesiae laedere non praesumat.
932 2446 2366 2513 Pflugk-Harttung Acta III. 285. — „Constitutus in praesentia“.
881 2493 2847 2557 14289 Ecclesiae S. Mariae Blesensis tutelam suscipit ac privilegia quasdam confirmat.
357 2488 541 2568 „ 14.
665 2506 760 2570 „
932 2555 2845 2621 (Fragmentum). Auvray Notice sur le ms. Ottobon. 2966 p. 17 in Mélanges d'arch.
934 2608 1787 2678 et d'hist. VI. — „Et opere pietatis“.
881 2652 2847 2733 14290 In villa de Albo, ad ecclesiam S. Mariae Blesensem pertinenti, cimeterium con-
357 2658 541 2733 „ 15.
662 2661 764 2751 „
932 2718 2845 2789 strui vetat. Chartul. de Burgo-medio Bles., Coll. Housseau 12. I. f. 72“ in bibl. nat.
932 2773 2560 2831 Paris. (Auvray Notice I. I.). — „Religiosis viris (an votis?) annuere“.
881 2824 2812 2888 14291 *Archiepiscopo Bracarensi eiusque suffraganeis. Pflugk-Harttung Iter p. 292.
366 2824 536 2895 „ 19.
669 2839 753 2912 „
883 2881 2843 2943 14292 (9301) Petro, monasterii SS. Severini et Sosii Neapolitani abbati, eiusque succes-
355 2886 541 2956 „ 21.
653 2888 768 2956 „
934 2937 2845 3007 soribus mitrae usum concedit. Margarini Bull. Cas. II. 196, Pflugk-Harttung Acta
932 2987 2129 3049 III. 285, Migne 200 p. 1290. — „Caritatis debito“.
881 3040 2847 3107 14293 (9302) Cisterciensibus et Praemonstratensibus mandat, ut Fusniacenses monachos
353 3034 541 3111 „ 22.
667 3045 766 3124 „
932 3093 2845 3166 compellant ad pacem cum Bucciliensibus canonicis circa altare de Esparci faciendam.
934 3153 2478 3215 De Lancy Hist. Fusniacensis coenobii p. 102. — „Quanto maioris“.
881 3197 2843 3279 14294 Fratribus Bellae-vallis (d. Vesont.) indulget, ut si contra eos super decimis vel
360 3204 541 3286 „ 25.
662 3219 777 3308 „
932 3263 2845 3327 aliis a sede apostolica concessis „non facta mentione ordinis Cisterciensis litterae
932 3308 2843 3394 fuerint a sede apostolica impetratae, eis minime teneantur respondere.“ Loewenfeld
934 3380 2114 3433 Epistolae p. 203. — „Cum ordinem Cisterciensem“.
879 3416 2759 3526 14255 (9305) *Ecclesiae Chiemseensis privilegia confirmat. Lang Regesta I. 304.
357 3422 543 3568 „ 2*.
676 3425 760 3522 „
1109 119 2028 223 ALEXANDER III. 1159—1181.
