3007 3975
656 315 972 395 1171—1181.
388 364 625 523 Peenant
684 373 2655 463 14296 Fratribus quibusdam interdicit, ne iuxta grangias monasterii Bcllae-vallis gran-
134 373 353 470 Mai. 31.
737 454 2655 523 gias vel mansiones ita e vicino construant, ut eorum religio turbari valeat. Loewen-
731 507 1824 574 feld Epistolae p. 204. — „Quanto dilecti filii“.
687 554 2655 624 14297 Archiepiscopis, episcopis aliisque ecclesiarum praelatis mandat, ne a fratribus
176 549 346 638 „ 31.
468 560 558 680 „
735 616 2660 680 Fusniacensibus, sicut nec ab aliis ordinis Cisterciensis monachis, „de novalibus
740 675 2657 737 vel de aliis terris et vineis, quas propriis manibus vel sumptibus excolant, vel de
735 728 2660 786 nutrimentis animalium decimas extorqueri“ patiantur. Autogr. in tab. nat. Paris.
731 779 1855 845 L. 253. num. 266. — „Audivimus et audientes.“
132 828 346 912 Mai.-Iun.
689 839 2657 905 14298 Ecclesiae S. Paulini Trevirensis privilegia, petente Alberto praeposito, confirmat,
475 832 561 914 „
735 889 2657 954 statuitque, ut die 31. Ian., quo ecclesia ab Eugenio III. dedicata sit (a. 1148), missarum
737 945 2660 1011 sollemnia quoque anno celebrentur. („III. Iunii“). Beyer M. U. II. 85. — „Iustis
735 1004 1237 1071 petentium desideriis“.
684 1051 2657 1119 14299 Abbati Tironiensi et Willelmo archidiacono Cenomanensi mandat, iudicent inter
134 1042 351 1143 Iun. 2.
470 1055 567 1146 „
737 1117 2655 1177 monachos Sagienses et S. Vincentii Cenomanenses, de decumis Iuleii litigantes. Ex
733 1163 2649 1227 Chartul. S. Vinc. Cenom., ms. lat. 5444 p. 469 in bibl. nat. Paris. Misit Delisle. —
737 1223 1310 1278 „Causam, quae vertitur“.
684 1269 2657 1340 14300 Archiepiscopis et episcopis, in quorum episcopatibus Maiusmonasterium ecclesias
176 1267 346 1355 „ 3.
470 1269 565 1351 „
740 1336 2655 1397 possideat, praecipit, ut personas a monachis praesentatas in eorum ecclesiis instituere,
737 1389 2660 1453 sine rationabili causa non differant. Loewenfeld Epistolae p. 204. — „Si profes-
733 1439 1087 1506 sionem officii“.
172 1488 349 1561 „ 15.
687 1479 2660 1559 14301 (9304) Archidiaconatus Garzensis presbyteris clericisque praecipit, ut HI. praepo-
477 1437 561 1618 „
735 1548 2034 1607 sito obediant. Mon. Boic. I. 57. — „Si quis magistris“.
684 1605 2657 1667 14302 (9305) Parmensem et Reginum episcopos monet, ut quosdam parochianos ab ini-
172 1592 349 1669 „ 27.
475 1603 561 1720 „
740 1662 2657 1720 micitiis in monachos Nonantulanos revocent, ereptaque iis restituere cogant. Tira-
735 1707 2326 1773 boschi St. di Non. II. 278, Migne 200. p. 1291. — „Ex transmissa“.
687 1760 2657 1832 14303 Martino, abbati Prataliensi, concessam a Gerardo, episcopo Patavino, baptismi
475 1766 563 1881 „
737 1821 2655 1894 in ecclesia de Villa-nemoris construendi licentiam confirmat. Dondi Dissertazioni
740 1879 1670 1947 VI. docum. p. 77. — „Intelleximus ex“.
684 1925 2657 1996 14304 (Richardo) episcopo Abrincensi mandat, moneat monachos Maioris-monasterii, ut
735 1985 2657 2055 abbati Fugeriensi redit m quendam restituant. (Haec epistola est inserta Richardi
735 2040 2655 2108 episcopi Abrincensis ad priorem Fugeriensem literis in) Arch. dép. d'Ille et Vilaine
735 2097 2657 2170 in Rennes, fonds du prieuré de Fougères, liasse 1. H. 3. 13. Misit Delisle. — „Ex
731 2153 980 2219 relatione“.
684 2203 2660 2274 14305 *Fratribus S. Germani Autissiodorensibus concessam a Guidone, comite Niver-
733 2254 2315 2320 nensi, privilegium approbat. Quantin Cart. gén. de I'Tonne II. 230.
687 2312 2660 2382 14306 *Monasterium S. Mariae Domus-Dei tuendum suscipit eiusque possessiones ac
733 2362 2567 2440 privilegia confirmat, petente Lamberto abbate. Gaillardin Les Trappistes I. 28.
656 2415 983 2539 1173— 1181.
684 2528 2657 2599 14307 (9306) (Rogero) archiepiscopo Eboracensi significat, R. presbyterum ab episcopo
740 2588 2657 2654 Tusculano et P(etro) tit. S. Susannae presbytero cardinali solutum excommunicatione
737 2643 2657 2709 esse. App. conc. Lat. X. 21, Coll. Lips. XLVII. 21, Coll. Cass. LI. 20, Coll. Bamb.
737 2696 2655 2767 XLII. 19, Comp. I. L. 2. t. 20. c. 22, Decr. Greg. L. II. t. 28. c. 16. — „Ad prae-
735 2758 1155 2820 sentiam nostram“.
689 2804 2660 2873 14308 (9307) Episcopo Papiensi mandat, ut controversiam A. de Plano et G. de Betolio
740 2868 2657 2928 decidat „secundum attestationes, quas P(etrus) tit. S. Susannae presb. card. sigillo
735 2919 2602 2990 suo muniverit“. Comp. I. L. 2. t. 13. c. 6, Mansi XXI. 1084. — „Cum A. de“.
684 2970 2657 3034 14309 (9308) I(ohanni), episcopo Pictaviensi, mandat, ne in paroecia S. Petri, invito ab-
740 3027 2655 3093 bate Trenorciensi, ecclesiam aedificari a clericis Losdunensibus sinat. Iuenin Nouv.
737 3076 1999 3144 hist. de Tournus Pr. p. 178. — „Abbas S. Philiberti“.
687 3135 2655 3202 14310 (10261. 10266) L(eonardo) episcopo Torcellano respondet, „renunciationem factam
740 3186 2655 3255 in manu laicorum ad ipsorum terrorem, nisi forte iuramento vel fide interposita sit
740 3248 2655 3305 confirmata, non impedire, quominus is, qui renunciaverit, ecclesiae praeficiatur“.
740 3297 2655 3361 Addit de electionibus cassatis. (Unam solam esse decretalem hanc et ab Alexan-
742 3354 2653 3425 dro III. auctore profectam, probat) Coll. Lips. XXXI. 3; Comp. II. L. 1. t. 3. c. 3,
740 3409 2651 3486 I.. 1. t. 19. c. 1, Decr. Greg. L. I. t. 6. c. 12 et t. 40. c. 3. — „Ad aures nostras“
744 3456 1268 3555 „Super eo vero, quod“.
167 3506 740 3610 Regeats Sont. Roman. Ed. ece. II.
2319 3502 2372 3623 „
919 161 1847 260 ALEXANDER III. 1159—1181.
2529 161 2657 251 409
