3007 3975
324 154 446 234 410
340 344 552 534 vd-*
866 291 1206 379 1174 — 1181.
899 355 2858 443 14311 (9309) Wintoniensi, Bathoniensi et Herefordiensi episcopis seribit de R. matri-
947 435 2856 499 monio. App. conc. Lat. VI. 28, Coll. Lips. LIX. 39, Coll. Cass. LVIII. 26, Coll.
945 490 2856 560 Bamb. LI. 26, Comp. I. L. 4. t. 17. c. 3, Decr. Greg. L. IV. t. 16. c. 2. — „Ex
894 600 2858 662 14312 (9310) R(ichardo), archiepiscopo Cantuariensi, apostolicae sedis legato, haec scri-
945 547 1398 609 litteris venerabilis“.
943 653 2858 713 bit: „Qua fronte nos super articulis iuris consulere valeas, non videmus, cum dicaris
943 708 2858 768 ordinem iuris pervertere et evidenter libertati ecclesiae contraire, pro quo ille glo-
945 770 2858 825 riosus martyr Thomas subire martyrium non expavit; iam enim non in ecclesia, sicut
945 819 2858 878 canonicum est et honestum, non in palatio, non in camera tua, sed in propria ca-
943 874 2858 931 mera regis contra debitum iuris episcoporum electiones diceris confirmare“. Attamen
943 927 2856 993 de appellationibus quaerenti respondet. App. conc. Lat. XXXI. 2. 3, XLIII. 3,
943 982 2856 1051 Coll. Lips. XLVII. 43, Coll. Cass. LI. 38, Coll. Bamb. XLII. 39, Comp. I. L. 2.
950 1031 2854 1101 t. 20. c. 41, Decr. Greg. L. II. t. 28. c. 25. — „Qua fronte nos“ „De his etiam“
945 1097 1471 1161 „Super eo vero, quod“.
890 1139 2861 1210 14313 (9311) R(ichardo), archiepiscopo Cantuariensi, de eis scribit, „qui appellationem
943 1201 2858 1269 interpositam infra tempus conveniens non prosequantur“; cet. App. conc. Lat. X. 13,
943 1256 2856 1316 Coll. Lips. XLVII. 14, Coll. Cass. LI. 13, Coll. Bamb. XLII. 13, Comp. I. L. 2.
945 1313 2629 1371 t. 20. c. 15, Decr. Greg. L. II. t. 28. c. 13. — „Pervenit ad nos, quod“.
890 1362 2858 1431 14314 (9312) R(ichardo), archiepiscopo Cantuariensi, respondet „de his, qui iuramentum
945 1426 2856 1486 praestant, quod stabunt iudicio ecclesiae, et postea praestito iuramento appellant“.
947 1477 2856 1541 App. conc. Lat. X. 29, Coll. Lips. XLVII. 30, Coll. Cass. XXVIII. 6, Coll. Bamb.
945 1530 2856 1596 XLII. 27, Comp. I. L. 2. t. 20. c. 30, Decr. Greg. L. II. t. 28. c. 20. — „Praeterea
945 1590 1241 1645 de his, qui“.
890 1636 2861 1704 14315 (9313) R(ichardo), archiepiscopo Cantuariensi, mandat, interdicat archidiaconis
945 1702 2861 1757 episcopatus Coventriensis, „ne pro excessibus corrigendis aut criminibus puniendis
945 1753 2858 1821 a clericis vel a laicis poenam pecuniariam, nec pro examinatione ignis vel aquae
945 1808 2856 1872 denarios amplius exigant“. App. conc. Lat. II. 3, Coll. Lips. IV. 1, Coll. Cass. XVI. 1,
945 1859 2856 1921 Coll. Bamb. III. 1, Comp. I. L. 5. t. 32. c. 3, Decr. Greg. L. V. t. 37. c. 3. — „Licet
943 1921 1356 1983 iuxta apostolum“.
894 1969 2856 2033 14316 (9314) Richardo, archiepiscopo Cantuariensi, mandat, ut clericos Hugonis comitis,
943 2027 2856 2084 qui sacra contra interdictum procuraverint, „ab officiis et beneficiis suspendat“. Gil-
943 2078 2854 2150 berti Foliot epist. ed. Giles II. 70, Migne 200 p. 1291, Coll. Lips. XI. 28. — „Ad
941 2137 1288 2188 aures nostras“.
890 2173 2856 2248 14317 (9315) R(ichardo), archiepiscopo Cantuariensi, scribit de controversia G. et F.
941 2243 2852 2309 clericorum. App. conc. Lat. VII. 18, Coll. Lips. XXXV. 18, Coll. Cass. XLII. 19,
943 2294 2850 2362 Coll. Bamb. XXXII. 18, Comp. I. L. 1. t. 2. c. 2, Decr. Greg. L. I. t. 3. c. 2. —
943 2347 2059 2413 „Ex parte venerabilis“ „Ex parte Conventrensis“.
888 2404 2856 2468 14318 Richardo, archiepiscopo Cantuariensi, mandat, ut sigillum suum non alienae per-
941 2455 2856 2532 sonae, sed alicui ecclesiae „monacho“ committat. (Fragmentum). Fifth report of
938 2515 2109 2574 histor. manuscr. p. 437. — „Cum sis monasticum“.
890 2568 2854 2632 14319 Capitulo Bituricensi concessas a Ludovico, Francorum rege, „in claustro liber-
938 2627 2854 2685 tates et immunitates“ confirmat. In bibl. nat. Paris. Cartul. de Bourges, ms. lat.
938 2672 2854 2749 nouv. acquis. 1274. s. XIII. f. 15. (Chartam Ludov. anno 1174 datam cf. ibid. f. 91.)
943 2738 1676 2809 — „Iustis petentium desideriis“.
859 2809 1177 2910 1177—1181.
888 2881 2852 2974 14320 (9316) Wichmanno, archiepiscopo Magdeburgensi, et . . . episcopo Brandenbur-
936 2954 2850 3025 gensi mandat, ut sub anathematis poena sanciant, „ne quis in canonicos vel conversos
934 3009 2847 3071 ecclesiae S. Mariae Magdeburgensis violentas manus iniiciat, aut eorum bona diripere
938 3065 2843 3124 vel occupare praesumat“. Ludewig Rel. II. 336, Leuckfeld Ant. Praem. p. 91. —
938 3115 1425 3177 „Non dubitatis illos“.
885 3157 2847 3235 14321 (9317) Ecclesiae S. Mariae Magdeburgensis libertatem, a Norberto quondam archi-
934 3219 2845 3290 episcopo institutam, confirmat. Hugo O. P. A. II. Pr. p. 121, Ludewig Rel. II. 335,
936 3283 2151 3341 Leuckfeld Ant. Praem. p. 90. — „Significavit nobis“.
885 3332 2847 3396 14322 (9318) Ecclesiae S. Mariae Magdeburgensi asserit ecclesiam S. Iohannis, ab archi-
934 3392 2843 3453 episcopo pro ecclesia de Wlve acceptam. Hugo O. P. A. II. Pr. p. 121, Ludewig Rel. II.
936 3442 2843 3557 354. Leuckield Ant. Praem. p 92. Reinemann C. P. Anhalit I. 442. — „Rclatam estnobis“
1129 139 2054 234 ALEXANDER III. 1159—1181.
