3007 3975
638 309 958 399 1177—1181.
667 371 2635 461 14323 (9319) Ecclesiae S. Mariae Magdeburgensi hospitale S. Alexii asserit. Muso
720 454 2635 514 O. P. A. II. 121, Ludewig Rel. II. 333, Leuckfeld Ant. Praem. p. 93. — „Iustis
718 510 1217 571 petentium desideriis“.
669 554 2635 624 14324 (9320) De feudis cuiusdam praepositi aut ab episcopo aut „ab imperiali bene-
722 624 2635 693 placito“ decernendum esse scribit. Comp. II. L. 2. t. 2. c. 3, Decr. Greg. L. II. t. 2.
715 673 1436 739 c. 7. — „Verum quoniam de“.
636 753 969 836 1178—1181.
667 814 2635 898 14325 (Guidoni) Senonensi archiepiscopo mandat, curet, ut R. archidiacono Meldensi
720 896 2638 954 de illatis iniuriis a (Simone) episcopo, cantore et fratre eius Theobaldo, milite de
715 945 2633 1004 Crispeis, iusticia exhibeatur, cet. Loewenfeld Epistolae p. 205. — „Quoniam dilectus“.
667 998 2635 1064 14326 (Bartholomaeo) Turonensi archiepiscopo, apost. sedis legato, et (Willelmo) Ceno-
715 1055 2635 1117 manensi episcopo scribit, sese litteras, contra G. magistrum a laico quodam falsa
713 1108 2635 1172 suggestione impetratas, irritas denuntiare. Mandat, ut sententiam ab ipsis latam fir-
718 1161 2635 1225 miter observari faciant. (Videntur esse duae epistolae, de eadem re ad eosdem
715 1225 2635 1285 praelatos missae). Loewenfeld Epistolae p. 206. — „Significatum est nobis“ („Quia
715 1272 1040 1340 ea volumus“).
669 1320 2635 1397 14327 (Willelmo) Cenomanensi episcopo negotium dat, moneat Mathaeum de Belveir,
720 1386 2635 1446 ut Mariae, quondam uxori Iohannis Borgon, debitam pecuniam exsolvat. Loewenfeld
718 1444 1650 1499 Epistolae p. 207. — „Querela Andreae“.
667 1488 2638 1554 14328 (Richardo) Cantuariensi archiepiscopo, apost. sedis legato, mandat, ut Herberto
713 1552 2635 1612 de Boseham, theologiae instruendae vacare cupienti, redditus triennio in scholis con-
713 1607 2269 1662 ferri faciat. Loewenfeld Epistolae p. 207. — „Cum dilectus filius“.
669 1660 2635 1722 14329 Episcopo Wigorniensi et (Adamo) abbati Eveshamensi mandat, ut clericos quos-
718 1713 2635 1782 dam W. de Luci, decano de N., possessiones iniuste detentas restituere iubeant. Qui
713 1773 2633 1835 si appellaverint, utramque partem ad sese accedere vult. Loewenfeld Epistolae p. 208.
715 1828 1254 1894 — „Significavit nobis“.
669 1868 2633 1943 14330 (9321) (Lanfranco) episcopo Papiensi concedit, ut donationes a P(etro) praede-
718 1943 2635 1996 cessore eius inconsultis canonicis factas revocet. Comp. I. L. 3. t. 20. c. 2, Decr.
715 1989 2105 2053 Greg. L. III. t. 24. c. 2. — „Fraternitatem tuam credimus“.
669 2044 2635 2111 14331 (9322) L(anfranco) electo Papiensi respondet de consuetudine ecclesiae Papiensis,
720 2093 2633 2166 „ut si de propinquitate illorum, qui sunt matrimonio copulandi, mentio aliqua fiat,
718 2155 2635 2221 presbyteri per ecclesias publice dicant, ut qui novit aliquid, infra terminum qui prae-
662 2210 2635 2274 „ figitur, exeat et dicat“. Comp. I. L. 2. t. 13. c. 8, Mansi XXI. 1092. — „Ad haec
711 2265 958 2332 quoniam“.
667 2309 2638 2382 14332 (9323) (Lanfranco) elécto Papiensi scribit de matrimonio Em. de Siderio et filii
722 2380 2635 2442 R. Canis. Coll. Lips. XLV. 4, Comp. I. L. 2. t. 14. c. 2, Decr. Greg. L. II. t. 21.
715 2420 1431 2486 c. 1. — „Causam matrimonii“.
667 2475 2640 2546 14333 (9324) Episcopo Papiensi respondet de puella, „de cuius matrimonio inter Si-
722 2535 2640 2601 derios et Canes, cives eius, quaestio fuerit ventilata“. Coll. Lips. LIX. 56, Comp. I.
720 2594 2359 2654 L. 4. t. 1. c. 19, Decr. Greg. L. IV. t. 1. c. 14. — „Cum locum non“.
669 2645 2640 2711 14334 (9328) Duci Venetiae concedit, „ut si clericus de terra eius iurisdictionis super
722 2700 2640 2773 pecuniaria causa contra laicum ad suam audientiam appellaverit“, causa „non nisi
722 2753 2638 2822 personis, quae de terra eius iurisdictionis sint, secundum legem et consuetudinem
726 2813 2638 2873 Veneticorum iudicanda committatur; ita quod indulgentia nostra“ inquit „non de-
724 2868 2635 2928 beat nisi nostro tempore durare“. App. conc. Lat. XLIV. 4. — „Cum essemus Venetiae“.
671 2915 2635 2987 14335 Capitulo Bituricensi asserit centum monetae Andegavensis libras, ab Henrico,
722 2970 2635 3045 Anglorum rege, pro tutela et custodia feodi cuiusdam concessas. In bibl. nat. Paris.
722 3025 2638 3100 Cartul. de Bourges, ms. lat. nouv. acqu. 1274. s. XIII. f. 17. (Tabulam Henrici a.
726 3080 2003 3155 1178 datam vid. ibid. f. 32). — „In scripto karissimi“.
640 3175 972 3259 1179—1181.
119 3237 340 3316 lan. 4.
368 3208 618 3314 Tuscalani
671 3239 2640 3310 14336 (Roberto) abbati et fratribus S. Michaelis de Periculomaris concedit, ut duc-
724 3308 2640 3367 decim in eorum monasterio „praebendulae, ex testimonio R(olandi) Dolensis electi
722 3361 2642 3422 usque adeo pauperes et exiles, quod ex eis vix possint tres canonici quomodolibet
726 3420 2640 3495 sustentari“, cum vacaverint, duobus tantum clericis conferantur. Delisle Chron. de
724 3460 1827 3573 Robert de Torigni II. 312. — „Non solum ex“.
2266 3526 2370 3621 52*
901 156 1829 251 ALEXANDER III. 1159—1181.
2509 161 2635 253 411
