3007 3975
309 159 430 247 412
859 300 1188 386 1179—1181.
331 331 552 459 Lan. 5.
592 357 830 465 Tusculani
890 357 2861 446 14337 *Inter fratres S. Bertini Sithienses et Claromarescenses de aqua quadam contro-
943 432 2854 510 versiam terminari iubet. Vide lohannis Longi chron. S. Bertini in MG. SS.
945 483 1219 558 XXV. 815.
892 549 2861 613 14338 *In ecclesia Burburgensi duos esse curatos vult. Vide Iohannis Longi chron I. I.
375 530 550 620 „ 12.
684 547 762 622 „
890 594 2858 669 14339 (9329) M(auricio) episcopo Parisiensi asserit licentiam a sororibus Ederensibus
371 600 547 680 „ 20.
667 600 771 737 „
945 664 2858 726 permissam, ut ex ruinoso parthenone Giffensi novam abbatiam efficiat. Gall. Chr.
947 711 2856 781 VII. Instr. 74, Malingre Les antiquitez de Paris, Livre IV. 72, Migne 200 p. 1292.
945 770 1559 836 — „Ex autentico scripto“.
894 814 2861 892 14540 Parthenonis Giffensis libertates, ab Eva abbatissa Hederensi concessas, petente
373 797 550 892 „ 20.
680 779 771 951 „
945 867 2861 940 Eremberta abbatissa, confirmat. Cartul. de Tabbaye de Verres, LL. 1599 A. f. 226
945 931 2861 1002 in tabul. nat. Paris. (Ex Coll. Baluze t. 73. f. 117 in bibl. nat. Paris. misit Delisle).
945 980 1385 1051 — „Ex autentico“.
899 1040 2867 1110 14341 Fratribus Vallis S. Petri asserit terras quasdam, ab Hen(rico) quondam archi-
340 1033 556 1110 Febr. 7.
684 1035 764 1126 „
943 1095 2865 1159 episcopo Remensi fratribus Praemonstratensibus abiudicatas. Autogr. in tabul. nat.
943 1152 1979 1214 Paris. L. 231 n. 57. — „Vidimus scriptum“.
897 1201 2865 1269 14342 (9330) Pactionem Henrici quondam episcopi et capituli Mutinensis confirmat, ut
371 1201 558 1287 „ S.
676 1203 766 1302 „
945 1254 2865 1320 archiepiscopum (Ravennatem) et legatos apostolicos, si Mutinam venerint, primo die
945 1313 2865 1382 episcopus, secundo canonici procurare debeant. Tiraboschi Mem. Mod. III. 77, Migne
950 1360 1752 1435 200 p. 1293. — „Cum inter vos“.
899 1422 2867 1490 14343 *Iohanni decano et canonicis Noviomensibus concedit, ne quis ab eis de novali-
950 1481 2865 1543 bus, quae propriis sumptibus excolant vel de animalibus decimas exigat. (Clausulae
952 1532 2867 1605 verba: „Anno pont. — vicesimo“ aliena manu addita sunt). Teulet Layettes du trés.
952 1592 1400 1647 des chartes I. 122.
901 1631 2867 1704 14344 (Frumoldo) episcopo, abbatibus et aliis ecclesiarum praelatis in episcopatu Atre-
954 1698 2867 1764 batensi constitutis scribit, se ex Te. episcopi relatione cognovisse, vicarios (Willelmi)
952 1746 2865 1815 archiepiscopi Remensis, S. Sabinae cardinalis, apost. sedis legati, alios vice sua con-
952 1808 2870 1872 stituisse. Prohibet, „ne huiusmodi procuratoribus vel legatis respondeant, nisi pro
954 1866 2867 1930 ipsis speciale mandatum a sese receperint“. In bibl. nat. Paris. Cart. d'Arras ms.
956 1921 2094 1985 lat. 9930. s. XIII. f. 8. — „Te, frater episcope“.
901 1967 2872 2033 14345 (9331) Archiepiscopo Vituriensi (Bituricensi) respondet, se L(udovicum) Fran-
954 2025 2870 2091 corum regem admonuisse, ne a Iudaeis „christiana mancipia detineri, synagogasque de
952 2082 2870 2146 novo construi“ pateretur. „Verum si“ inquit „antiquae synagogae corruerint, vel
954 2135 2874 2199 ruinas minantur, ut reaedificentur potes aequanimiter tolerare, non autem, ut eas
961 2192 2874 2256 exaltent, aut ampliores aut pretiosiores faciant, quam antea fuisse noscuntur; quod
961 2248 2874 2307 utique pro magno debent habere, quod in suis observantiis et veteribus synagogis
963 2305 2874 2367 tolerantur“. Coll. Luc. ap. Baluzii Misc. III. 379, App. conc. Lat. L. 36, Coll. Lips.
963 2354 2874 2415 LV. 5, Coll. Bamb. XLVII. 5, Coll. Cass. LIV. 5, Comp. II. L. 2. t. 19. c. 1, L. 5.
963 2404 2870 2479 t. 4. c. 1, Decr. Greg. L. II. t. 28. c. 29, L. V. t. 6. c. 7, Bouquet Rec. XV. 968,
961 2457 1948 2524 Mansi XXI. 1106. — „Consuluit nos tua“.
912 2506 2874 2583 14346 (9332) R(ichardo), archiepiscopo Cantuariensi, (al. Archiepiscopo Eboracensi)
965 2579 2872 2641 scribit, ut clericos, qui „residere in loco et curam eius per se exercere“ recusent,
961 2630 2872 2696 amovere possit. Ad alias quaestiones quasdam respondet. App. conc. Lat. XV. 1. 2,
961 2683 2874 2749 Coll. Lips. LII. 1, Coll. Cass. LIII. 1, Coll. Bamb. XLV. 1, Comp. I. L. 3. t. 4. c. 4,
963 2736 2872 2806 L. 3. t. 33. c. 7, Decr. Greg. L. III. t. 4. c. 4, t. 38. c. 5. 10. — „Relatum est
963 2791 2708 2853 nobis“ „De cetero prudentiae“ „Cum laici, episcopis“ „Quod autem consulis“.
914 2842 2872 2912 14347 (9333) Electo et capitulo Cassan. exponit de concilii Lateranensis edicto: „ut
967 2901 2870 2961 bona per ecclesiam acquisita ad eam in clericorum obitu devolvantur“. Comp. II.
961 2956 2724 3016 L. 3. t. 14. c. 2, Decr. Greg. L. III. t. 26. c. 12. — „Relatum est auribus“.
912 3003 2872 3076 14348 (9334) Episcopo Divellensi (al. Dulmensi) respondet, „eum, cui ante 25 annum
963 3067 2872 3127 aetatis suae, nondum concilio Laterani celebrato, concessum fuerit magisterium eccle-
967 3127 2872 3186 siae, non esse ecclesia spoliandum“. App. conc. Lat. XXV. 4, Coll. Lips. XIX. 7,
963 3177 2872 3233 Coll. Cass. XXX. 7, Coll. Bamb. XX. 7, Comp. I. L. 1. t. 8. c. 7. — „A nobis tua“.
914 3228 2872 3294 14349 (9251. 9335) Episcopum quemdam hortatur, ne in ordinandis ecclesiis statuta
965 3277 2872 3347 concilii Lateranensis laedat. Interdicit, ne „in eos, qui ab eo terras vel possessiones
965 3336 2872 3407 alias teneant in feudum, licet super feudis illis coram eo stare iustitiae sint parati, sine
967 3392 2874 3458 iudicio excommunicationis seu interdicti sententiam ferri permittat“. Coll. Lips. XIX. 4,
972 3442 2872 3553 XIVII. 2. Coll. Cass. XXX. 4. Coll. Bamb. XX. 4. 5. Comp. I. I. 1. t. S. c. 5, I. 2. t. 1. e. 7.
1129 147 2050 247 ALEXANDER III. 1159— 1181.
