3007 3975
665 309 994 397 1179—1181.
748 371 2671 454 I. 2. t. 20. c. 43, Decr. Greg. I. I. t. 14. c. 4, L. II. t. 1. c. 5, I. II. t. 28. c. 27, L. III.
748 443 2668 510 t. 38. c. 22. — „Eam te decet“ „Ad haec praesentibus“ „Ceterum quia quandoque“.
695 499 2671 563 14350 (8937. 8940) (Rogero) archiepiscopo Eboracensi respondet de appellationibus et
748 552 2671 616 de concessionibus praebendarum. Statuit praeterea haec: „si sententiam a nobis la-
748 602 2671 671 tam praeceperimus per aliquem executioni mandari, et fraus intervenerit, non est
748 664 2673 726 facultas executori de negotio toto cognoscere, sed referri quaestiones ad sedem apo-
748 711 2671 781 stolicam oportebit“. App. conc. Lat. XLVII. 7, XLIX. 12. 13, Coll. Lips. XLVII.
748 772 2671 839 38. 39. 40. 41, Coll. Cass. LI. 35. 36. 37, Coll. Bamb. XLII. 34. 37, Comp. I. L. 2.
748 819 2671 892 t. 20. c. 38. 39. 40, L. 2. t. 19. c. 7, Decr. Greg. L. II. t. 27. c. 5, L. II. t. 28.
748 874 2671 951 c. 24, L. III. t. 8. c. 3. — „Proposuit nobis“ „Relatum est auribus“ „In eminenti
748 936 1895 1007 specula“ „Cum aliqua causa“ „De cetero noveris“.
700 987 2673 1055 14351 Archiepiscopo Gradensi eiusque suffraganeis mandat, prohibeant sub anathematis
751 1048 2675 1113 interminatione, ne quis parochianorum ulterius ligneamenta ad faciendas galeas
748 1099 2675 1170 Saracenis deferat, vel naves aut operas ad portandum locet, aut pecuniam credat
748 1159 1785 1223 cet. Coll. Lips. LV. 6. — „Grave gerimus“.
702 1203 2677 1278 14352 Aurium, ducem Venetiae, hortatur, ne subditos suos ligneamenta aliasque res
748 1263 2673 1331 Saracenis vendere vel locare patiatur. Mirari se, quod dux auctoritate litterarum
751 1322 2596 1386 apostolicarum hoc permisisse dicatur. Coll. Lips. LV. 7. — „Et pro te sumus“.
669 1382 1007 1495 1180 1181.
145 1433 380 1572 Ma. 25.
402 1428 640 1559 rarentani
700 1472 2680 1550 14353 M(iloni) episcopo Taurinensi et O(berto) archidiacono Mediolanensi mandat, com-
751 1541 2677 1607 ponant litem inter T(edaldum) episcopum Placentinum et P(etrum) Romanae ecclesiae
751 1596 2677 1662 subdiaconum, S. Antonini praepositum, de ecclesia Brunetensi litigantes. Pflugk-Hart-
751 1640 2675 1720 tung Acta III. 280, (Wiener Sitzungsber. XCIV. 670). — „Cum inter I(ohannem?)“
753 1707 1243 1775 „Cum inter fratrem“.
150 1755 364 1835 Aug. 30.
704 1760 2680 1821 14354 Monasterio Agaunensi asserit ecelesiam S. Mauritii de Aigle, a Guarino, epi-
753 1813 2677 1879 scopo Sedunensi donatam, a Ludovico, eius successore, ereptam, sed a Stephano, archi-
751 1872 2673 1947 episcopo Viennensi, apost. sed. legato, restitutam. Schweizer. Urkundenreg. II. 307.
673 1945 1911 2047 1181. (Ind. 14. pont. a. 22, 1180. — 25. Mart. — 1181.)
152 2020 368 2108 lan. 3.
408 1989 645 2113 Tusentani
702 2031 2671 2100 14355 L(anfranco) episcopo Papiensi mandat, iudicet inter abbatem monachosque Fruc-
753 2089 2675 2153 tuarienses et moniales de Rocca. Hist. Patr. Mon. Chart. II. 1080. — „Causam quae inter“.
185 2146 362 2219 „ 4.
494 2159 581 2219 „
707 2148 2677 2210 14356 (9336) P(aulo), episcopo Praenestino, aliisque heredibus bon. mem. lo(hannis),
755 2199 2677 2263 SS. Io(hannis) et Pa(uli) cardinalis presbyteri, praecipit, ut quosdam libros scholasti-
755 2254 2673 2320 cos fratribus ecclesiae S. Frigdiani Lucensis restituant. Baluzii Misc. IV. 596. —
757 2312 1241 2367 „Recepimus litteras“.
192 2354 371 2438 „ 13.
499 2340 594 2440 „
704 2360 2680 2433 14357 (9337) Canonicorum ecclesiae Ianuensis tutelam suscipit possessionesque et pri-
762 2418 2677 2482 vilegia confirmat, Oberto praeposito et Bonifatio archidiacono petentibus. Pflugk-
757 2475 2492 2535 Harttung Acta III. 286, (Ughelli It. sacr. IV. 872). — „Quotiens a nobis“.
190 2530 368 2594 „ 15.
494 2532 589 2661 „
707 2528 2680 2592 14358 Monasterii Flaviniacensis possessiones quasdam et compositiones cum fratribus
757 2585 2677 2652 Fontanetensibus, Ungiacensibus ac O(ttone), quondam duce Burgundiae, factas confir-
757 2638 2171 2707 mat. Pflugk-Harttung Acta I. 281. — „Inter cetera quibus“.
192 2691 373 2764 „ 16.
492 2696 589 2767 „
704 2689 2680 2756 14359 Canonicis S. Gaugerici Cameracensibus concessas a Nicolao quondam episcopo
762 2751 2684 2822 praebendas ad reparationem claustri et officinarum confirmat. Pflugk-Harttung Acta
760 2802 1683 2870 I. 282. — „Iustis petentium desideriis“.
194 2846 371 2934 „ 16.
488 2848 592 2934 „
709 2855 2680 2923 14360 (9338) Duces, principes, comites, barones, universos dei fideles, solitis beneficiis
760 2915 2677 2974 propositis hortatur, ut terrae Hierosolymitanae infidelium incursionibus contritae sub-
766 2970 2680 3029 veniant, praesertim cum Balduinus rex „ita sit graviter iusto Dei iudicio flagellatus,
762 3023 2677 3082 ut vix ad tolerandos sufficiat continuos sui corporis cruciatus“. Gesta Henrici II.,
762 3076 2677 3140 olim Benedicto Petrob. tributa, 1181 ed. Stubbs I. 272, Rogeri de Hoveden Annal.
766 3122 2677 3197 1181 ap. Savile R. A. SS. 349, ed. Stubbs II. 255, Bouquet Rec. XV. 973, Mansi
764 3186 1997 3246 XXI. 915, Migne 200 p. 1294. — „Cor nostrum et“.
174 3184 280 3383 („)
488 3186 600 3352 („)
711 3239 2680 3305 14361 (9339) Archiepiscopis, episcopis, abbatibus, aliis ecclesiarum praelatis milites
762 3290 2677 3354 templi missos, qui terrae orientali auxilium peterent, commendat. Gesta Henrici II.,
766 3347 2677 3409 olim Benedicto Petroburg. tributa, 1181 ed. Stubbs I. 275, Rogeri de Hoveden Annal.
768 3396 2675 3480 1181 ap. Savile R. A. SS. 349“, ed. Stubbs II. 258, Bouquet Rec. XV. 972, (Mansi
768 3451 2123 3566 XXI. 917. Migne 200 p. 1296) — „Cum orientalis terra“.
927 150 1853 253 ALEXANDER III. 1159—1181.
2540 150 2671 249 413
