3007 3975
307 150 430 234 414
852 293 2105 390 1181. (Ind. 14, pont. a. 22, 1180 — 25. Mart. — 1181.)
326 335 547 496 Ian. 19.
592 344 821 496 Peentan
883 368 2847 443 14362 Monasterii S. Pauli Cormeriacensis patrocinium suscipit possessionesque et pri-
936 437 2845 496 vilegia confirmat, petente Gerardo abbate. Mém. de la soc. de Touraine XII. Cartu-
934 490 2061 554 laire de Cormery p. 132. — „Quotiens a nobis“.
885 541 2847 607 14363 Domus eleemosynariae Andegavensis, a Stephano senescallo Andegavensi con-
360 525 543 620 „ 19.
669 536 755 662 „
932 600 2845 660 ditae, protectionem suscipit, bonaque confirmat. Orig. in Arch. dép. Maine et Loire
934 655 2843 722 in Angers, (Cop. in Coll. Housseau V. n. 1944 in bibl. nat. Paris.). Misit Delisle.
936 715 1327 768 — „Licet locis“.
879 750 2845 825 14364 Confirmat canonicorum S. Gaugerici Cameracensium constitutionem, ut „prae-
366 757 545 836 „ 20.
667 750 764 845 „
934 814 2847 878 benda ad donum capituli spectans, nemini nisi diacono vel sacerdoti, in ecclesiae
934 876 2845 940 servitio assiduo, concedatur, et nisi vacaverit, nulli donetur“. Pflugk-Harttung Acta
934 918 1509 993 I. 283. — „Ea quae a“.
881 978 2845 1040 14365 (9350) (Hugoni) episcopo Dunelmensi, (al. Eboracensi, al. et Eboracensi). et ab-
364 962 543 1048 „ 23.
669 967 762 1099 „
934 1040 2845 1101 batibus S. Edmundi et S. Albani significat, se mandasse (Roberto) Herefordensi et
934 1097 2845 1161 (Balduino) Wigorniensi episcopis, tunc Fordenensi abbati, et b. m. magistro P(etro)
934 1146 2847 1207 de Melidis, „ut si archiepiscopus Cantuariensis privilegia, quibus abbas et fratres
934 1203 2845 1265 S. Angustini se ab eius impetitione defendi crederent, vellet redarguere falsitatis, ea
934 1249 2843 1318 sibi faciant quamtocius exhiberi et quae praeponerentur hinc inde, appellatione se-
932 1313 2845 1375 mota, diligentius audientes fideliter et studiose conscribi“. (Vide supra 13708). Contro-
934 1369 2839 1433 versiam autem per hos non esse terminatam scribit. „Nos itaque“, inquit, „censuimus,
934 1422 2847 1481 ut coram vobis exhibeantur privilegia, quae (Richardus) archiepiscopus duxerit argu-
934 1477 2847 1541 enda, in claustro praedictorum fratrum, vel in alio loco ipsius omnino securo et illi
936 1534 2847 1592 congruo, ad arbitrium vestrum, usque ad proximum festum nativitatis b. Iohannis
934 1583 2845 1647 baptistae (24. Iunii). Nolumus autem exhiberi omnia simul, sed uno exhibito, et
934 1631 2847 1709 ipsius inspiciendi et contra scribendi, si necesse fuerit, copia praestita, reddatur illud
934 1700 2847 1757 fratribus ipsis, et aliud praesentetur. Deinde usque ad purificationem b. Mariae se-
936 1755 2847 1819 quentis anni (2. Febr. 1182) archiepiscopus, sufficienter instructus ad redarguenda
932 1806 2850 1872 privilegia praedicta, per se vel sufficientem responsalem, ad apostolicam sedem acce-
936 1866 2847 1925 dat“. Interim autem privilegia ipsa nolle se vacillare. Hist. Mon S. Aug. Cant.
934 1908 2847 1983 p. 442, (Chronica W. Thorn ap. Twysden H. A. SS. II. 1832, Comp. II. L. 2. t. 14.
934 1969 2783 2029 c. 2, Decr. Greg. L. II. t. 22. c. 4). — „Recepimus literas“ „Accepimus literas“.
881 2018 2847 2086 14366 Monasterio Flaviniacensi ecclesiam S. Simphoriani aliasque, in quibus ius prae-
364 1954 543 2095 „ 2.
667 1991 762 2146 „
936 2075 2847 2144 sentationis habet, cum iure decimarum, oblationum et aliorum beneficiorum confirmat.
932 2124 2355 2195 Pflugk-Harttung Acta I. 283. — „Iustis petentium desideriis“.
324 2177 545 2320 Pebr. 5.
883 2184 2847 2256 14367 (9340) Monasterii S. Mariae Cellae-superioris Wirzeburgensis protectionem suscipit,
667 2175 760 2305 „
934 2243 2845 2312 bonaque ac privilegia confirmat, petente Rabenoldo abbate. Hugo O. P. A. I. Pr.
932 2294 1911 2369 p. 386. — „Religiosam vitam eligentibus“.
879 2345 2847 2418 14368 (9341) Pacem inter Theobaldum abbatem Cluniacensem et (Guillelmum) comitem
355 2316 541 2418 „ 9.
665 2338 757 2471 „
932 2409 2847 2471 Cabilonensem a Philippo Francorum rege factam ac compositionem cum Girardo (co-
934 2464 2847 2526 mite Matisconensi) confirmat. Bullar. Cluniac. p. 76, Bouquet Hec. XV. 974, Migne
934 2515 1869 2588 200 p. 1297. — „Cum ecclesiae vestra“.
883 2568 2850 2634 14369 (9342) Theobaldo abbati et capitulo Cluniacensi significat, se (Stephano) epi-
366 2561 541 2658 „ 10.
662 2559 766 2678 „
934 2627 2847 2694 scopo Eduensi mandasse, ut capellam Belnensem consecraret. Qui si mandatum ex-
934 2680 2847 2744 sequi noluerit, permittit iis, ut episcopum Bellicensem ad conficiendam consecrationem
934 2736 2847 2809 invitent. Bullar. Cluniac. p. 76, Bibl. Cluniac. p. 1444, Migne 200 p. 1298. — „Cur
934 2786 1288 2850 apud Belnam“.
881 2833 2847 2908 14370 Heinrico, episcopo Basileensi, praecipit, ut excommunicationis sententiam, qua
360 2811 545 2917 „ 11.
662 2820 757 2961 „
932 2903 2847 2963 Horlinus (leg. Ortlibus) praedecessor eius praepositum Reiningensem contra privilegia
932 2959 2847 3021 apostolica affecerit, irritam esse iubeat. Trouillat Mon. de Bale II. 20. — „Veniens
932 3012 1327 3067 ad nos dilectus“.
364 3051 541 3195 „ 25.
881 3054 2845 3127 14371 (9343) Q(uidoni), archiepiscopo Senonensi, H(enrico), episcopo Baiocensi, S.
656 3045 768 3206 „
934 3118 2847 3182 abbati S. Genovefae et decano ecclesiae Baiocensis mandat, ut in controversia inter
934 3177 2845 3239 R(olandum), electum Dolensem, et B(artholomaeum), archiepiscopum Turonensem,
932 3228 2845 3290 apostolicae sedis legatum, testium dicta litteris consignent. Martene Thes. III.
934 3283 2847 3347 907, Morice Mém. de Bret. I. 675, Bouquet Rec. XV. 975. — „Venerabilis
934 3330 1111 3403 frater“.
883 3374 2843 3500 14873 Monasterio S. Larari Cameracensi bullam Sat. Nenes Arebi- VII. 107. — „Cum
364 3380 541 3486 „ 26.
651 3376 762 3502 „
934 3440 1736 3555 (de saeraer „Cum ex iniuncto“).
1111 141 2041 236 ALEXANDER III. 1159—1181.
