3007 3975
647 300 1908 399 1181. (Ind. 14, pont. a. 22, 1180 — 25. Mart. — 1181.)
678 371 2646 461 14373 Praebendam ab Eustachio, archidiacono Cenomanensi, constitutam confirmat.
384 373 614 477 Tusenlani
128 371 346 481 Mart. 4.
726 446 2646 501 Chartul. eccl. Cenoman. in Instit. des prov. de France 2. sér. II. 82. — „Ea, quae a“.
678 494 2649 569 14374 Inter monasteria Fusniacense et S. Michaelis de Terasca super nemore quodam
161 492 340 571 „ 8.
463 512 558 576 „
729 552 2646 616 arbitrium, a Persico Beneventano et Gregorio Corano iudicibus actum, repetit et
729 607 2514 669 approbat. In bibl. nat. Paris. Coll. Moreau t. 85. f. 1. — „Cum dilecti filii“.
680 658 2651 724 14375 (9344) Ecclesiae S. Mariae Flottinensis protectionem suscipit, ac disciplinam
167 618 344 744 „ 10.
468 669 565 797 „
733 719 2653 788 possessiones, privilegia, petente Willelmo priore, confirmat. Flottin Hist. gén. des
731 772 2653 848 pays de Gastinois p. 291, Migne 200 p. 1298. — „Religionis viris“ „Religiosis
733 832 881 889 viris“.
678 867 2651 945 14376 Monasterii Marsnensis libertatem, possessiones, privilegia confirmat, petente Petro,
165 861 344 958 „ 15.
466 839 567 965 „
731 938 2651 1000 abbate S. Remigii Remensis. In bibl. nat. Paris. ms. lat. 12693. (Monastic. Benedict.
735 982 2191 1060 XXXVI.) f. 149, Neues Archiv VII. 107. — „Cum de sacrae“.
680 1033 2651 1108 14377 (9345) Parthenonem S. Zachariae Venetum, petente Casota abbatissa, tuendum
163 1022 346 1121 „ 21.
461 1035 563 1117 „
731 1101 2651 1177 suscipit eiusque bona confirmat. Cornelii Eccl. Ven. XI. 375, (Gloria Cod. dipl. Pad.
731 1157 1617 1225 II. 408). — „Apostolici moderaminis“.
684 1194 2651 1278 14378 (Rogero) abbati S. Augustini Cantuariensi concedit, ut si quis in ecclesiis ad
163 1196 346 1289 „ 21.
468 1199 565 1291 „
733 1260 2651 1331 monasterii ordinationem pertinentibus sine eius vel fratrum assensu rector fuerit
731 1320 2651 1380 institutus, eum removeat. Hist. mon. S. Aug. Cant. p. 437. — „Cum in ecclesiis“.
684 1375 2651 1442 14379 (Rogero) abbati S. Augustini Cantuariensi indulget, ne quis clericorum „com-
163 1340 349 1446 „ 21.
463 1364 561 1510 „
735 1435 2651 1499 missam sibi ecclesiam cuiquam ad firmam assignet“. Hist. Mon. S. Aug. Cant. p. 440.
735 1492 1416 1554 — „Audivimus et audientes“.
680 1528 2653 1612 14380 H(ugoni) episcopo Dunelmensi et abbati S. Albani mandat, curent, ne (Richardus)
165 1543 346 1616 „ 23.
461 1550 567 1687 „
731 1596 2651 1658 archiepiscopus Cantuariensis et eius officiales, lite super privilegiis S. Augustini pen-
731 1651 2653 1713 dente (v. supra 14365), de possessionibus monasterii, vel hominibus, clericis et ec-
731 1704 2651 1779 clesiis se aliquatenus intromittant. Hist. mon. S. Aug. Cant. p. 441. — „Cum super
731 1762 1051 1826 quaestionem“.
680 1808 2653 1885 14381 (9346) Monachis Casinensibus asserit „viginti uncias auri de Castellone et quin-
163 1768 349 1881 „ 23.
470 1797 563 1892 „
731 1872 2651 1934 que alias de Cinglis fratrum usibus a P(etro) abbate deputatas“. Gattulae Hist. Cas.
733 1925 2629 1994 p. 337, Tosti St. di Montec. II. 206, Migne 200 p. 1303. — „Cum monasterium“.
687 1983 2651 2044 14382 (9347) P(etro), abbati Casinensi, concedit, „ut abbatissas et monachas monaste-
165 1969 349 2049 „ 23.
466 1994 563 2047 „
731 2036 2651 2097 riorum eius, in quibus alius ius episcopale non habet, a quo maluerit catholico epi-
733 2089 2651 2155 scopo benedici faciat et velari“. Gattulae Hist. Cas. p. 421, Tosti St. di Montec II.
731 2146 1716 2214 207, Migne 200 p. 1304. — „Si quando“.
687 2203 2653 2263 14383 (9348) Monasterii S. Mariae Spainsardensis tutelam suscipit et privilegia bona-
163 2181 349 2287 „ 27.
468 2188 563 2274 „
735 2261 2651 2320 que confirmat, petente Rodulfo praeposito. Hugo O. P. A. II. Pr. p. DXXV. (corr.
733 2314 2481 2380 DIX., paginae enim falso signatae sunt). — „Religiosam vitam eligentibus“.
680 2367 2649 2426 14384 Monasterii Sacri-portus possessiones quasdam confirmat, petente Ivone abbate.
165 2360 349 2433 „ 27.
468 2365 561 2440 „
731 2422 2649 2486 In bibl. nat. Paris. Cartul. Sacri-portus ms. lat. 5466. f. 20. — „Iustis petentium
729 2473 989 2539 desideriis“.
682 2526 2651 2594 14385 Guillelmo abbati et fratribus S. Ruffi (dioc. Valentin.) indulget, ne quis eos ex-
161 2526 353 2597 „ 28.
463 2550 565 2601 „
731 2585 2644 2650 communicare vel eorum ecclesias interdicere audeat. Gall. Chr. XVI. Instr. 108. —
733 2634 1190 2703 „Ex officio summi“.
682 2687 2651 2762 14386 (9349) Cazimiri, ducis Poloniae, leges, „de consilio (Sbislavi) archiepiscopi et
163 2685 346 2762 „ 28.
459 2707 565 2764 „
731 2749 2651 2809 episcoporum Poloniae et principum terrae“ constitutas, confirmat, „ne bona deceden-
733 2800 2651 2868 tium episcoporum amplius confiscentur; ut si quispiam in res defuncti episcopi manus
731 2862 2649 2923 iniecerit, vinculo anathematis teneatur“. Laudat eum, quod „consuetudinem, quae a
735 2919 2646 2983 principibus terrae servabatur, videlicet ut quocumque pergerent, pompatice invadentes,
733 2963 2651 3034 horrea pauperum evacuarent, et si inter absentes aliquid negotioli quandoque conti-
735 3029 2649 3091 gerit, impii satellites discurrentes raptos quoscumque caballos pauperum agrestium
735 3080 2649 3144 vel enervarent in cursu, vel omnino destruerent, emendaverit“. Dlugossi Hist. Pol.
733 3135 2651 3197 I. 543, Hasselbach Cod. Pom. dipl. I. 118, Bielowski Mon. Pol. hist. II. 401, Cod.
733 3188 2593 3257 dipl. mai. Pol. I. 31, Mansi XXI. 914, Migne 200 p. 1304. — „Ex parte tuae“.
682 3237 2649 3303 14387 (9351) Monasterio Lacensi „decimam salicae terrae cum decima in villa de Crofte“
128 3206 355 3310 Apr. 11.
455 3233 565 3305 „
733 3301 2651 3363 asserit. Günther Cod. dipl. Rh. Mosel. I. 436, Beyer M. U. II. 83. — „Iustis peten-
731 3343 1113 3418 tium desideriis“.
682 3405 2649 3473 14388 In ecclesia S. Laudi de Burgo-Achardi institutam b. Augustini regulam confir-
163 3392 225 3489 „
466 3398 570 3533 „
733 3462 2646 3564 mat, canonicisque privilegia quaedam concedit. („ „ . „ „ Id. Aprit.). Chartul. S.
921 145 1840 249 ALEXANDER III. 1159—1181.
2527 150 2653 249 415
