3007 3975
324 150 448 236 416
868 302 2129 393 1181. (Ind. 14. pont. a. 22, 1180 — 25. Mart. — 1181.)
950 373 2865 452 Laudi, ms. lat. 9212. s. XVIII. f. 7. Coll. Moreau t. 69. f. 223 in bibl. nat. Paris.
950 432 1628 496 — „Iniunctum nobis a Deo“.
342 481 563 563 Apr. 15.
600 474 841 565 Tusculani
899 490 2865 556 14389 (9352) Ecclesiae S. Laudi de Burgo-Achardi protectionem suscipit possessiones-
954 549 2867 611 que ac privilegia confirmat, petente Radulfo priore. Armorial général ou registres
952 605 2863 673 de la noblesse de France, Registre IV., Du Quesnoy Pr. p. 1, Migne 200 p. 1305.
950 655 1661 726 — „Quotiens a nobis petitur“.
375 693 561 775 „ 21.
676 693 786 850 „
899 706 2867 777 14390 Monasterii Molismensis tutelam suscipit, ac disciplinam, possessiones, privilegia
950 770 2865 841 confirmat, petente Willano abbate. Pflugk-Harttung Acta I. 283. — „Effectum iusta
950 821 1294 889 postulantibus“.
373 852 558 942 „ 22.
678 841 788 1002 „
901 872 2867 940 14391 (9353) Ecclesiam SS. Agapii et Secundini Eugubinam tuendam suscipit eiusque
952 938 2867 1007 bona ac iura confirmat, petente Salvo priore. Sarti de ep. Eug. p. 116. — „Effec-
950 976 1526 1051 tum iusta postulantibus“.
342 1011 558 1163 si 12.
680 1015 779 1168 „
901 1033 2867 1104 14392 (9354) Monasterium S. Silvestri in insula Buci tuendum suscipit eiusque bona
950 1099 2856 1159 ac privilegia confirmat. Farlati IIl sacr. IV. 243, Mon. Hung. hist. I. XI. 141. —
943 1148 1537 1223 „„„ „. . quapropter dilecti“.
373 1177 556 1267 „ 13.
901 1201 2867 1274 14393 (9355) Monasterium S. Rufilli Foropopuliense tuendum suscipit, bonaque eius
950 1265 2858 1325 confirmat, petente Benedicto abbate. Bull. Vatic. I. 66, Migne 200 p. 1308. —
950 1313 1648 1382 „Effectum iusta postulantibus“.
375 1358 556 1468 „ 22.
684 1355 764 1470 „
901 1369 2865 1433 14394 *Monasterii S. Bertini Sithiensis „patronatus curatum, aliud beneficium assecutum
943 1422 2865 1490 et exire nolentem, expellit“. Vide lohannis Longi chron. S. Bertini in MG. SS. XXV. 815.
375 1464 554 1541 „ 22.
680 1470 768 1550 „
897 1479 2863 1541 14395 *Fratribus S. Bertini Sithiensibus mandat, ut „in cura de Neoportu numerum mo-
943 1537 2224 1596 nachorum restituant“. Vide Iohannis Longi chron. I. I.
377 1570 556 1649 „ 22.
673 1574 764 1700 „
899 1587 2865 1660 14396 *Decanum Burburgensem propter iniurias monasterio S. Bertini Sithiensi illatas
943 1645 1871 1709 punit. Vide Iohannis Longi chron. I. I.
371 1682 554 1782 „ 22.
680 1689 773 1786 „
897 1691 2865 1762 14397 *Fratribus S. Bertini Sithiensibus scribit de consecranda ecclesia in Nova-palude
941 1746 1979 1821 constructa. Vide lohannis Longi chron. I. I.
371 1766 552 1905 „ 24.
665 1766 773 1921 „
897 1806 2865 1872 14398 Monasterii S. Bertini Sithiensis libertatem, possessiones, privilegia confirmat, pe-
943 1866 2863 1925 tente Simone abbate. In bibl. nat. Paris. Coll. Moreau t. 85. f. 11. (In Iohannis
947 1912 2863 1987 Longi chron. S. Bertini, MG. SS. XXV. 815 perperam legitur: „Dat. Tuscul. Id. Iunii
943 1972 1913 2044 1181“. cet). — „In eminenti apostolicae“.
333 2011 552 2084 lun. 1.
676 2011 764 2089 „
892 2020 2863 2089 14399 (9357) Monasterii S. Mariae Hambeyensis protectionem suscipit, iuraque confir-
943 2084 2865 2150 mat, petente locelino abbate. Copia a. 1640 in Arch. dép. de la Manche in St.-L0
945 2133 2481 2197 HI. 4539 (Neustria pia p. 822). — „Religiosam vitam eligentibus“.
368 2164 547 2254 „ 3.
620 2150 815 2290 Virerbi
892 2186 2861 2254 14400 Clero populoque Toletano nuntiat, sese Petrum de Cardona electum archiepisco-
941 2250 2514 2312 pum confirmare. Neues Archiv VI. 294. — „Ad vestram volumus“.
371 2296 547 2371 „ 21.
676 2294 753 2415 „
890 2294 2861 2362 14401 (9358) Canonicos ecclesiae Cabilonensis vetat ab episcopo sine iusta causa ex-
941 2358 2858 2422 communicari. Perry Hist. de Chal. Pr. p. 54, L'IIlustre Orbandale II. Pr. p. 65,
943 2404 2861 2475 Gall. Chr. IV. Instr. p. 244: „VIIII. kal. Iul.“; sic etiam in chartul. S. Vinc. Cabil.
943 2457 2861 2530 ms. lat. 17090 in bibl. nat. Paris., ut nos docet Delisle; (Mansi XXI. 1041, Migne
943 2519 2368 2590 200 p. 1310: „VII. kal. Iul.“). — „Quotiens a nobis petitur“.
371 2561 554 2661 „ 24.
678 2497 771 2663 „
890 2568 2856 2636 14402 Gauterio decano et capitulo Cabilonensi concedit, ut malefactores suos excom-
941 2621 2856 2696 municent. Ex Chart. S. Vincentii Cabil. f. 124, in bibl. nat. Paris. ms. lat. 17090.
943 2678 1630 2747 Misit Delisle. — „Ideo cura“.
368 2727 550 2797 „ 25.
676 2727 768 2857 („)
892 2733 2861 2804 14403 (9359) Ecclesiae S. lacobi Compostellanae privilegia confirmat, petente Petro
941 2789 2856 2859 archiepiscopo. (Fragmentum). Ferrer Hist. de Sanctiago p. 227. — „In eminenti
941 2848 1232 2910 apostolicae“.
371 2890 552 2961 „ 27.
669 2890 768 3021 „
890 2888 2856 2965 14404 Gauterio decano et capitulo Cabilonensi scribit, ne quis canonicorum ecclesiae
941 2961 2854 3023 terras invadat aut retineat. Ex chartular. S. Vinc. Cabil. f. 123 in bibl. nat. Paris.
941 3009 2059 3071 ms. lat. 17090. Misit Delisle. — „Ideo sumus“.
373 3049 547 3133 „ 28.
651 3051 757 3182 „
890 3062 2856 3131 14405 (9360) Ecclesiae S. Laurentii Viterbiensis protectionem suscipit et possessiones
941 3124 2854 3191 confirmat, petente Egidio archipresbytero. (Pro „IV. Iulii“ leg. „IV. kal. Iulii“).
941 3173 2660 3237 Bussi Ist. di Viterbo p. 401, cf. p. 100. — „Effectum iusta postulantibus“.
373 3221 550 3376 „ **.
660 3221 773 3380 „
890 3228 2852 3292 14406 (9361) Galtero decano et capitulo Cabilonensi concedit, ut si Engilbertus epi-
941 3286 2852 3345 scopus „personis idoneis ad repraesentationem eorum curam animarum in ecclesiis
945 3336 2850 3398 committere noluerit, liceat iis, illas Eduensi episcopo praesentare“. Gall. Chr. IV.
943 3396 2847 3471 Instr. p. 244, Perry Hist. de Chalon Pr. p. 54, LIllustre Orbandale II. Pr. p. 64,
941 3447 2436 3553 (Mansi XXI. 1041. Migne 300 p. 1311). — „Significastis nobis“.
1137 141 2061 236 AI.EXAXDER III. 1159—1181.
