3007 3975
375 368 572 510 Vierbii
653 386 2624 461 14407 (9362) Belam, Hungariae regem, hortatur, ne archiepiscopo Spalatino libere eli-
99 371 315 472 Iul. 6.
709 454 2624 523 gendo diutius impedimento sit, utque eidem ecclesiae pecuniam, per Minoslaum (leg.
709 505 2626 574 Miroslaum) comitem Rainerio quondam archiepiscopo ablatam, reddendam curet. Far-
704 563 2624 636 lati III. sacr. III. 212, Feiér C. D. HI. II. 197, Migne 200 p. 1311. — „Significan-
707 620 1182 684 tibus nobis dilectis“.
658 660 2626 750 14408 Miroslavo comiti Tacholmitano salutem apostolicam denegat, quia et legatum reci-
139 671 322 757 „ 7.
435 671 536 761 „
709 726 2626 799 pere et litteris suis parere recusaverit. Hortatur, ne ecclesias dei earumque ministros
707 781 2624 841 inquietet, utque pecuniam archiepiscopo Spalatino ablatam restituat. Theiner Vet.
709 830 2626 907 mon. Slav. meridion. I. 1, Mon. Hung. hist. I. XI. 143, Pflugk-Harttung Acta II. 377.
711 892 1383 960 — „Quod tibi benedictionis“.
660 936 2626 1015 14409 (9363) Ecclesiae S. Crucis Metensis protectionem suscipit, bonaque ac privilegia,
139 949 320 1020 „ 7.
444 951 539 1073 „
711 995 2629 1075 petente Hugone abbate, confirmat. Hugo O. P. A. I. Pr. p. 473. — „Religiosam vitam
709 1060 1003 1124 eligentibus“.
660 1095 2631 1172 14410 (9364) Monasterii S. Mariae landuriensis protectionem suscipit, bonaque et pri-
148 1101 313 1183 „ 9
448 1110 547 1192 „
715 1166 2631 1232 vilegia confirmat. (Signa chronologica sunt vitiosa). Hugo O. P. A. I. Pr. p. 653.
715 1225 1515 1291 — „Religiosam vitam eligentibus“.
662 1260 2635 1342 14411 (9365) Ecclesiae Iusti-montis protectionem suscipit, bonaque et privilegia con-
148 1247 320 1353 „ 4?
448 1219 541 1375 „
711 1322 2633 1397 firmat. („Dat. VII. Iul.“; an „VII. id. Iul.“?) Hugo O. P. A. I. Pr. p. 729. — „Quoties
711 1378 1100 1450 a nobis petitur“.
662 1433 2633 1503 14412 (9366) Sigehardo, abbati Laureshamensi, eiusque successoribus usum anuli con-
150 1428 329 1523 „ 14.
457 1439 572 1528 „ „
715 1499 2631 1552 cedit, petente Conrado, archiepiscopo Salzburgensi, apostolicae sedis legato. Chron.
711 1539 1860 1605 Lauresh. in MG. SS. XXI. 453. — „Eos. qui in“.
662 1601 2631 1665 14413 (9367) Monasterii SS. Martini Laurentii et Hippolyti Faventini protectionem
145 1583 331 1689 „ 17.
455 1601 536 1700 „
715 1665 2633 1718 suscipit, bonaque ac privilegia confirmat, petente Simone abbate. Mittarelli Ann.
713 1709 1946 1779 Cam. IV. app. p. 101. — „Quotiens a nobis petitur“.
665 1766 2633 1832 14414 (9368) Ecclesiam Tarvisinam tuendam suscipit, canonicorumque bona confirmat,
150 1751 329 1843 „ 19.
448 1768 543 1859 „
713 1817 2635 1896 petente Dodone decano. Ughelli It. sacr. V. 529, Migne 200 p. 1314. — „Quotiens
711 1879 936 1941 a nobis“.
667 1912 2633 2000 14415 (9369) Monasterii S. Mariae et S. Udalrici Adelbergensis, rogatu Odelrici abbatis,
150 1919 331 2022 „ 22.
452 1921 543 2084 „
718 1980 2633 2053 protectionem suscipit, possessionesque ac privilegia confirmat, imposito monachis aurei
718 2038 2635 2106 unius censu annuo. Besold Doc. red. p. 8, Wirtemberg. Urkundenb. II. 217, (Hugo
713 2089 2578 2166 O. P. A. I. Pr. p. 81, Petri Suev. eccl. p. 3). — „Religiosam vitam eligentibus“.
669 2148 2635 2212 14416 Capituli ecclesiae maioris Placentinae statutum de numero duodeviginti canoni-
150 2089 331 2234 „ „
463 2111 536 2241 „
715 2210 2445 2274 corum approbat. Wiener Sitzungsber. XCIV. 678. — „Relatum est nobis“.
669 2252 2635 2320 14417 (9370) Archiepiscopum et episcopos per Sueciam constitutos hortatur, ut sub-
154 2245 333 2340 „ 26.
439 2248 547 2323 „
720 2318 2635 2376 iectorum animis consulant. Haec addit: „Apostolorum limina visitantibus Anglicis
718 2369 2635 2433 biennium, vestratibus autem, quia remotissimi sunt, et quia se constituerunt sedi
720 2420 2635 2486 apostolicae censuales, triennium de iniuncta penitencia peccatorum relaxamus; non
720 2479 2635 2544 autem dubium est, quin illis, qui non veniunt, et censum solvunt, solucio ipsa ad
720 2535 2640 2603 remissionem valeat delictorum“. Concedit, ut eos, qui „sine mutilatione, vel exocu-
720 2590 2640 2652 latione, aut morte in clericos manus violentas iniecerint, ab excommunicationis sen-
720 2641 2638 2707 tentia relaxent“. Liliegren Dipl. Suec. I. 74, Ornjalm Hist. Sueon. p. 539, Migne 200
720 2696 1608 2769 p. 1315. — „Quanto minus instructi“.
676 2742 2638 2820 14418 (9371) Monasterii S. Nicolai Aroasiensis privilegia quaedam confirmat, bulla ad
156 2756 338 2824 „ 28.
457 2760 550 2822 „
722 2802 2640 2873 Galterum abbatem. Gall. Christ. III. 435, Gosse Hist. d'Arrouaise p. 422. — „Ex
722 2857 1142 2930 debito pastoralis“.
669 2899 2642 2990 14419 (9572) Theobaldo abbati et fratribus Cluniacensibus concedit, „ut nullus infra
156 2897 340 2987 „ 28.
455 2932 556 3051 „
724 2976 2642 3043 parochias eorum, et praecipue de Molinis, ecclesiam, capellam seu oratorium absque
724 3036 2640 3096 consensu eorum et dioecesani episcopi aedificare praesumat“. Bullar. Cluniac. p. 72,
724 3082 1758 3149 Migne 200 p. 1316. — „In eo sumus loco“.
678 3127 2642 3199 14420 Monasterii S. Petri de Monte protectionem suscipit, possessiones confirmat, iura
156 3113 342 3217 „ 28.
450 3153 556 3230 „
726 3197 2640 3259 instituit, petente lohanne abbate. In bibl. nat. Paris. Chartul. S. Petri de Monte,
726 3248 2311 3305 scr. a. 1392., ms. lat. 12866. f. 6. — „Cum universis venerabilibus“.
678 3301 2642 3367 14421 Ecclesiae S. Mariae Obernkirchensis et Henrici praepositi patrocinium suscipit
121 3261 346 3378 Aug. 15.
452 3305 558 3369 „
729 3356 2640 3427 bonaque confirmat. Wippermann Urkundenb. des Stiftes Obernkirchen p. 3. —
729 3405 1414 3471 „Apostolicae sedis auctoritas“.
176 3438 346 3528 „ 15.
678 3453 2644 3562 14437 Canonicorum S. Ambrosii Mediolanensium tutelam suscipit, bonaque et privilegia
475 3416 521 3537 „
159 3511 713 3610 Regeta Pont Roman. Ed. sce. PI.
2297 3528 2368 3606 53
885 154 1809 260 ALEXANDER III. 1159—1181.
2496 161 2622 251 417
