3007 3975
638 309 1272 386 1159. (Ind. 5, pont. a. 1.)
667 375 2216 446 Eligitur. Vide supra ad 7. Sept. 1159 in Alexandri III. regestis.
114 351 333 468 Sept. 7.
366 357 612 448 Romae in
357 437 614 503 ecclesia b.
669 437 2638 503 Inthronizatur. Vide Victorianorum epist. in Ragewini Gest. Frid. L. IV. c. 52 in
724 494 2640 558 MG. SS. XX. 474: „nostrum electum manto induimus et intronizatum in sede
417 494 565 565 Petri
724 552 2640 616 b. Petri collocavimus“. Cf. Arnulfi Lexov. epist. ed. Giles p. 124, ap. Watterich II.
722 594 1926 673 466: „Sic indutus ad cathedram (S. Petri) cucurrit“.
656 649 2640 724 deducitur. Vide cardinalium epistolam in Ragewini Gest. Frid. L. IV. c. 52 in MG.
148 636 638 737 „ 7. ad palatium
388 706 589 783 S. Petri
715 706 1045 772 SS. XX. 474.
673 764 2640 839 14425 (Rainaldo) archiepiscopo Coloniensi de electione sua scribit eumque rogat, ut
132 764 320 861 („) —
720 823 2638 885 Fridericum imperatorem ad superandos schismaticos cohortetur. Chronica regia Colon.
720 872 2640 938 in MG. SS. XVII. 773, ed. Waitz p. 106. (Ante consecrationem scriptam esse epi-
720 934 2635 993 stolam, putat Meyer Die Wahl Alexanders III. p. 24). — „Credimus indubitanter“.
667 984 2638 1048 Consecratur ab Imaro Tusculano, (Ricardo) Melphiensi et Ubaldo Ferentinensi epi-
114 971 331 1066 Oct. 4.
399 978 583 1068 Farfae
722 1037 2635 1101 scopis; vide supra Alexandri III. ep. 10601. „In prima dominica mensis Octobris“,
722 1099 2640 1157 Ragev. L. IV. c. 50 et 52. I. I. p. 470, 474, cf. cardinalium Alexandrinorum episto-
720 1154 2640 1214 lam in Theineri Disqu. crit. p. 213, ap. Watterich II. 493. Farfae factam consecra-
720 1210 2638 1267 tionem esse, reperimus in Annal. Ceccanens. 1159 in MG. SS. XIX. 284. (Romae
720 1260 2633 1325 eam die 7. Octobris administratam esse, perperam tradit Chronica reg. Coloniens. 1161
715 1307 1690 1375 in MG. SS. XVII. 773, ed. Waitz p. 105.
386 1366 585 1453 Signiae
669 1362 2635 1444 14426 (9374) Patriarchis, archiepiscopis, episcopis, abbatibus, ducibus, marchionibus,
152 1311 329 1457 „ 28
718 1431 2638 1490 comitibus et ceteris principibus et egregiae familiae imperiali, in sacratissima curia
718 1479 2638 1545 domini Friderici, serenissimi ac invictissimi Romanorum imperatoris, commorantibus
722 1541 2638 1601 mandat, rogent imperatorem, ut ecclesiae salutem curae sibi habeat. Nunciat, se
720 1583 2638 1654 sepulto Hadriano IV. canonice electum, et „prima dominica mensis Octobris“ (4. Oct.)
718 1649 2638 1707 consecratum esse. Monet, caveant litteras „Rolandi, quondam cancellarii, per con-
720 1704 2638 1766 spirationem et coniurationem contra ecclesiam Dei et imperium Wilhelmo Siculo astricti,
720 1753 2638 1821 qui“, inquit „die XII. post electionem nostram (18. Sept.) se fecit intrudi“. Ragewini
720 1817 2638 1874 Gesta Frid. L. IV. c. 50 in MG. SS. XX. 470 (Watterich II. 460). — „Quam et in
715 1868 1453 1925 quantum („Quantum honorem“).
92 1879 344 2005 Oct. Nov.
669 1921 2640 1994 14427 (9375) Monasterium Althahcnse superius tuendum suscipit eiusque bona et iura
448 1925 545 1996 „
720 1980 2638 2038 confirmat, imposito fratribus unius aurei censu annuo, „quemadmodum ab Adelberto
722 2036 2638 2093 comite et Frederico advocato statutum sit“. Mon. Boic. XII. 108; cf. Lang Regesta
720 2089 1599 2153 I. 236. — „Pie postulatio voluntatis“.
375 2133 609 2219 Vetrallae
114 2133 331 2212 Dec. 5.
669 2128 2635 2203 14428 (9376) Heinrici, abbatis Laureshamensis, erga se studium laudat, eique gratias
718 2190 2635 2259 agit de „sancto consilio, quod Fridericus, Romanorum imperator augustus, ad restau-
720 2254 2635 2318 randam ecclesiae unitatem et haeresim scismaticam resecandam eius aliorumque consilio
720 2309 2635 2365 dispensaverit“. H(ermannum) Verdensem et D(anielem) Pragensem episcopos de suis
722 2360 2633 2424 rebus narraturos esse. Chron. Lauresham. in MG. SS. XXI. 445. — „Super devotione“.
638 2420 1942 2521 1160. (Ind. 8. — 25. Sept. — 9), pont. a. 1. — 1. Oct. — 2.)
99 2515 631 2599 Fbr. 5-11. prope Papi-
662 2524 2635 2585 hospitatur, dum in concilio Papiensi per dies septem de schismate agitur. Vide Epi-
344 2577 629 2641 am in eccle-
722 2581 2633 2641 stolam concilii Papiensis in MG. Leg. II. 126, Ragewini Gest. Frid. L. IV. c. 70
344 2625 631 2720 sia S. Salva-
720 2634 2631 2696 in MG. SS. XX. 485. Cf. Vincentii Prag. Annal. 1161 in MG. SS. XVII. 679, Font.
430 2689 563 2756 toris
724 2689 2629 2753 Rer. Austriac. I. v. 130: „extra castrum Victor in quodam claustro morabatur“.
718 2740 2629 2809 (Incepit concilium die 5. m. Februarii, sic est enim in Henrici Berchtesgadensis, qui
720 2800 2629 2866 concilio interfuit, epistola ap. Ragewinum L. IV. c. 72 p. 488: „curia, quae in
718 2855 2629 2917 octavis epiphaniae (13. Ian.) Papiae fuerat indicta, usque in sextam feriam proximam
720 2910 2631 2970 ante caput ieiunii (5. Febr.) est dilata“, et in Annal. Reichersperg. 1160 in MG. SS.
724 2963 2629 3029 XVII. 467: „in nonis Februarii curiae et colloquii initium habetur“. Cf. Reuter I.
718 3018 1805 3087 507 not. c. et sequentes, Hefele 2. ed. V. 583.
110 3025 331 3135 Febr. 12.
388 3009 585 3149 Papiam
660 3069 2629 3135 „prima sexta feria quadragesimae“ deducitur, ubi „imperator ante ianuas ecclesiae eum
715 3127 2629 3191 suscepit et descendenti de equo strepam humiliter tenuit et apprchensum per manum
713 3180 2629 3252 usque ad altare conduxit et pedes eius est osculatus“, Epist. concilii Papiensis I. I.
722 3241 2626 3305 p. 486. — Vincentii Prag. Annal. 1161 I. lI.: „ad maius monasterium adducitur;
720 3294 2629 3354 imperator ei debitam exhibet reverentiam: deposita videlicet veste, equum eius albis-
718 3345 2624 3411 simum ornatum usque ad gradus monasterii adducit, eique descendenti strepam tenet,
720 3398 2626 3467 deinde . . . usque ad altare adducunt, et ibi, Victore iam papa supra cathedram suam
715 3451 2626 3559 residente, dominus imperator pedem eius salutat, munera offerunt, aliis principibus
2271 3515 2361 3606 53*
616 143 2072 251 VICTOR IV. (OCTAVIANUS) antipapa. 1159—1164.
2514 147 2644 245 419
