3007 3975
362 152 488 245 420
901 309 2178 388 1160. (Ind. 8. — 25. Sept. — 9, pont. a. 1. — 1. Oct. — 2.)
987 375 2900 452 id ipsum facientibus“. Annal. Reichersp. 1160 in MG. SS. XVII. 467: „Tertia ita-
987 437 2900 512 que idus Februarii cet. . . ., et statim sequenti die, 2. id. Febr. ab ipso imperatore
983 496 2898 560 et episcopis suscipitur, et inthronizatur in monasterio S. Siri“, quibus verbis auctor
987 560 2900 613 nihil aliud hoc loco significare voluit, quam quod Vincentius Prag. vocibus „in
983 611 2372 673 cathedra sua residere“ expressit; cf. enim supra ad 7. Sept.
377 613 598 742 Febr. 13.
667 622 848 750 Fapiae
932 658 2903 737 „Proxima die sequenti, id est sabbato, habito generali concilio Rolandum olim can-
987 722 2900 777 cellarium schismaticum et eius principales fautores accensis candelis anathematizat“.
987 770 2903 848 Epist. concilii Papiensis I. I. Cf. etiam epistolam Henrici et Odonis cardinalium ap.
985 828 1537 894 Bouquet Rec. XV. 753.
417 870 600 947 „ 15.
711 870 808 942 „
936 874 2905 940 14429 (9377) Castrum Winzenburgense ab H(ermanno), episcopo Hildesheimensi, eius-
987 936 2903 1004 que successoribus alienari vetat. (Facsimile bullae apud) Walther Lex. dipl. tab. XI.;
989 995 2103 1062 Orig. Guelf. III. 449. — „Sacrosancta Romana“.
419 1031 600 1121 „ 15.
720 1037 810 1117 „
943 1042 2907 1108 14430 Canonicis Magdeburgensibus usum dalmaticae, chirothecarum, sandaliorum con-
987 1104 2905 1163 firmat, additque, ut mitris de cetero utantur. W(ichmanno) archiepiscopo eiusque suc-
989 1154 2905 1221 cessoribus „episcopatum de Pomerano“ (i. e. Caminensem) subiicit. Geschichtsblätter
992 1205 2909 1280 f. Magdeburg IV. 300. Cf. Gesta archiep. Magd. in MG. SS. XIV. 445. — „Iustis
989 1267 1489 1336 petentium desideriis“.
430 1305 600 1389 „ 16.
724 1309 817 1446 „
941 1305 2909 1382 14431 (9378) Alberto, episcopo Virdunensi, concedit, ut ecclesiam S. Michaelis absolvat
996 1371 2909 1442 interdicto. Transactionem inter monasterium S. Michaelis et ecclesiam S. Dionysii
994 1433 2905 1497 factam confirmat. Baluzii Misc. III. 8, Calmet Hist. de Lorr. II. Pr. p. 359. —
994 1486 1484 1548 „Iusta postulantium“.
426 1525 603 1634 „ 17.
729 1530 821 1656 „
943 1525 2911 1601 14432 (9379) B(runoni), abbati Rosenfeldensi, significat, se eius abbatiam ecclesiae
994 1594 2909 1654 Hamburgensi tribuisse. Lappenberg Hamb. Urk. I. 207. — „Venerabilis frater noster“.
397 1634 508 1764 („)
729 1640 824 1755 „
947 1647 2909 1709 14433 (9380) Petente Hartwigo archiepiscopo, ecclesiae Hamburgensi asserit Alden-
996 1702 2909 1766 burgensem, Meklenburgensem, Raceburgensem episcopatus; praeterea abbatiam Rosen-
996 1762 2911 1819 feldensem, imposito archiepiscopis bisantum trium censu annuo. Abbatiam Rasteden-
996 1817 2909 1879 sem ab Hadriano IV. eidem ecclesiae iniuste sublatam restituit. Lappenberg Hamb.
998 1872 2585 1930 Urk. I. 206, Westphalen Mon. ined. II. 2036. — „Quociens illud a“.
426 1877 609 1991 „ 19.
737 1881 815 1989 „
950 1914 2911 1989 14434 Monasterii Ilsenburgensis possessiones et privilegia confirmat, petente Sigebodone
996 1978 2538 2036 abbate. Iacobs Urk. d. KI. IIsenb. I. 27. — „Ad hoc universalis“.
426 2016 609 2108 „ 24.
726 2022 826 2117 „
950 2036 2911 2097 14435 (9381) Ecclesiae Basileensis possessiones quasdam, petente Orthliebo episcopo,
996 2089 2911 2153 confirmat. Herrgott Geneal. Habsb. II. 182: „VI. kal. Mart.“, Trouillat Mon. de Bale
1000 2137 2094 2212 I. 336: „XI. kal. Mart.“. — „Quociens illud a“.
428 2177 612 2276 „ 27.
726 2190 826 2309 „
952 2192 2916 2261 14436 (9382) Heinrico, abbati Laureshamensi, per Christianum, praepositum Mersebur-
1000 2252 2916 2316 gensem, (leg. archiepiscopum Moguntinum) mitram mittit rogatu Friderici imperatoris
998 2307 2903 2380 et Regenoldi, electi Coloniensis. Chron Laureshamense in MG. SS. XXI. 445. —
1000 2358 1526 2422 „Sacrosancta Romana“.
399 2351 505 2486 („)
733 2418 828 2517 „
950 2402 2916 2488 14437 *Arnoldo, archiepiscopo Moguntino, „vicem apostolici super omnem sui metro-
1000 2468 2911 2544 politanatus diocesim legationemque“ tribuit. Vita Arnoldi archiep. Mog. ap. Jaffé
1003 2530 1341 2588 Bibl. III. 645.
391 2548 614 2652 Mart. 2.
952 2563 2914 2643 14438 Monasterium Vallis S. Mariae eiusque bona tuenda suscipit ae confirmat, petente
1003 2625 2914 2696 Duotelino abbate. Decimas de novalibus vel de nutrimentis animalium a fratribus
1000 2685 2503 2751 exigi vetat. Pflugk-Harttung Acta I. 284. — „Quotiens illud a“.
395 2725 609 2820 Iun. 24.
673 2725 877 2815 Parmae
954 2744 2911 2811 14439 (9407) Ludovico, regi Francorum, T. capellanum et Stephanum, nuncios suos,
1003 2804 2914 2859 commendat. Duchesne Hist. Fr. SS. IV. 582, Bouquet Rec. XVI. 24, Mansi XXI. 977.
1005 2855 2911 2915 (Hoc anno epistolam scriptam esse, suspicatur Reuter I. 156 n. 6). — „Denobilitatis ac“.
391 2890 620 2979 c. Aug. —
667 2892 885 3045 Gepio)
952 2908 2914 2981 Rudolfi, archiepiscopi Moguntini, post necatum Arnoldum electi „intrusionem, intru-
1003 2956 2914 3032 dentes cum intruso, excommunicationis anathemate condempnat“. Christiani Chron.
1007 3014 2600 3080 Mogunt. ap. Jaffé Bibl. III. 691. (Cf. etiam infra ad 20 Iun. 1161).
395 3045 618 3138 Sept. 13.
735 3058 821 3188 „
958 3069 2916 3135 14440 (9383) Guillelmo domino Montispessulani scribit, Fridericum imperatorem de eo
1005 3131 2911 3186 sibi spem ostendisse. Monet, ut „schismata reprimat“. Magistrum Bandinum, sub-
1005 3184 2914 3244 diaconum suum, apostolicae sedis legatum, commendat. Gariel Ser. I. 202, Bouquet
1003 3239 2357 3303 Rec. XV. 779 not. a. — „Ecclesiae catholicae neccessitas“.
399 3281 616 3403 Rov. 10.
729 3279 830 3407 „
958 3290 2914 3356 14441 Encyclica, quam infra damus num. 14443, manu saec. XVII. ex Chartulario
1003 3345 2914 3411 ecclesiae Barcinonensis descripta legitur in bibl. nat. Paris. Coll. Baluze t. 107 fol.
1009 3398 2911 3478 123“ cum hac clausula: „Dat. Papiae IIII. idus Novembris“. (Hoc igitur exemplar
1009 3453 2346 3566 ina Riepaniam destinatum est). — „Schismaticorum sectas“.
912 147 2359 245 VICTOR IV. (OCTAVIANUS) antipapa. 1159—1164.
