3007 3975
623 326 1281 417 1164. (Ind. 12, pont. a. 1.)
707 388 2624 470 mensis episcopus 10. kal. Maii“. Marangonis Chron. Pisanum 1165 in Archivio stor.
704 457 2622 521 Ital. VI. II. 35, in MG. SS. XIX. 250: „Hoc (Victoris obitum) audiente (archi)can-
704 510 2624 576 cellario (Reinaldo) Lucam ivit festinanter, et cum cardinalibus ipsius Victoris secundo
704 571 2626 636 die elegit Guidonem in papam“. In Epist. S. Thomae ed. Lupus p. 111, ed. Giles
709 629 2624 691 II. 264 Fridericus imperator postea Reinaldo dixisse haec verba fertur: „tu . . . novum
702 677 2470 744 mihi pontificem elegisti“. Cf. Acerbi Morenae Cont. in MG. SS. XVIII. 643.
395 644 565 830 Laa„
645 737 2620 801 Consecratur. Chronica regia Colon. 1164 I. I.: „Ab Henrico, Leodiensi episcopo,
97 675 318 814 Apr. 26.
702 792 2622 854 ordinatus est 6. kal. Maii“. Annal. Reichersperg. 1164 in MG. SS. XVII. 470: „Hunc
702 848 2620 914 consecravit Leodicensis episcopus sine cardinalibus“. Cf. Aegidii Aureaevall. Gest.
702 894 1838 965 epp. Leod. L. III. c. 30 in MG. SS. XXV. 104.
651 956 2622 1026 14485 Archiepiscopos, episcopos, abbates, praepositos et universos ecclesiarum praelatos
92 945 311 1029 Mai. 3.
430 947 532 1026 „
707 1018 2620 1075 hortatur, ut xenodochii Hierosolymitani fratribus subveniant. De privilegiis eiusdem
702 1068 2620 1132 addit. Cop. vidimata tabulae lohannis episcopi Caminensis inserta in tabul. regio
704 1121 1674 1190 Berolinensi. — „Quam amabilis (deo) et“.
399 1146 556 1247 Pisas
647 1170 2620 1241 perducitur a Christiano (archiepiscopo Moguntino), cancellario imperatoris, „die S. An-
92 1154 311 1245 Nov. 30.
704 1236 2615 1291 dreae“. Marangonis Chronicon Pisanum 1165 in Archivio storico VI. II. 38, MG. SS.
704 1287 2618 1353 XIX. 251. (Anno 1165 hoc factum esse, contendit Böhmer-Will Regesta archiep.
700 1333 2611 1408 Mog. II. 18 num. 3 propterea, ut opinor, quia die I. Nov. 1164 diploma Friderici I.,
698 1395 2615 1459 Stumpf n. 4035, recognovit; hoc diploma ab aliis falsum, ab alius genuinum iudi-
695 1455 2615 1512 catur; sed quomodocumque fides tabulae se habet, notandum est, diplomata in ab-
695 1506 2615 1567 sentia cancellarii nomine eius recognosci potuisse, ut recte animadverterunt Ficker
695 1559 2609 1620 Forsch. z. R. u. R. It. II. 139 n. 26 et Giesebrecht in Forsch. z. d. Gesch. XXI. 629.
695 1609 2613 1684 Marango praeterea haec ad annum 1165 calculi Pisani narrat, qui nobis est
691 1673 1018 1740 annus 1164).
616 1775 1608 1857 1165. (Ind. 13, pont. a. 1. — 26. pr. — 2.)
351 1815 585 1930 Cisternae
638 1835 2613 1930 Sigeberti Contin. Aquic. in MG. SS. VI. 411: „Paschalis . . . . Cisternam Neronis, ubi
695 1916 2090 1974 Alexander papa fuerat consecratus, totam terrae coaequavit“.
366 1914 565 1985 Neronis
86 1934 318 2067 SeptOet.
338 1961 585 2060 Viterbium
640 1961 2613 2031 a Christiano cancellario deducitur. Marangonis Chron. Pisanum 1165 I. I. De tempore
689 2016 1135 2082 cf. Reuter II. 190.
368 2062 567 2177 Viterbi
638 2062 2613 2164 dum Alexander III. Romam revenit. Annal. Reichersp. 1165 in MG. SS. XVII. 472.
83 2042 225 2168 Nov.
612 2161 1968 2270 1166. (Ind. 14. — 1. Sept. — 15, pont. a. 2. — 26. tpr. — 3.)
88 2263 307 2347 Apr. 13.
368 2267 565 2349 Viterbii
642 2256 2609 2329 14486 (9408) Ludovicum, Francorum regem, „consanguineum suum“, monet, ut „ad
691 2327 2609 2382 cor redeat, et tantis ecclesiae dei scandalis, quae per eum solum vigere dicantur, tan-
693 2373 2611 2442 dem finem imponat, ut imperialem animum“ inquit „reformata pace ecclesiae, ad
691 2431 2609 2499 imperii et regni tui unitatem, et tui voluntatem citius possimus revocare“. Duchesne
693 2484 2611 2552 H. Fr. SS. IV. 729, Bouquet Rec. XVI. 118, cf. Reuter II. 196. — „Praedecessoris
687 2539 870 2608 nostri“.
647 2588 2609 2663 14487 (9409) B. Veltr., nobilem virum, hortatur, ut „pravitati schismaticorum resistat,
121 2592 304 2667 „ 13.
419 2601 519 2736 „
693 2656 2609 2711 et animum regis aliorumque principum ad unitatem ecclesiasticae pacis revocet“.
693 2711 2609 2775 Duchesne H. Fr. SS. IV. 728, Bouquet Rec. XVI. 118. — „Nobilitatem tuam
687 2760 859 2826 tanto“
86 2782 307 2917 Nov. 18.
645 2802 2611 2877 14488Inter Gregorium Hornbacensem abbatem et Anselmum de Ringelste agitatae de fundo
424 2782 523 2917 „
698 2870 2609 2932 Waxehiheim controversiae decisionem ab IIlino, Treverorum archiepiscopo et apostol.
695 2932 2609 3016 sedis legato, factam confirmat. Pflugk-Harttung Acta II. 381. — „Iustum ac ratio-
691 2968 883 3051 nabile“.
609 3062 1601 3140 1167. (Ind. 15, ponf. a. 3. — 26. Apr. — 4.)
90 3133 302 3219 Apr. 8.
355 3124 570 3274 Vierbns
638 3127 2611 3219 Benincasae electo Pisano „sacerdotii. dignitatem donat sabbato sanctor. Marangonis
691 3215 2383 3274 Chron. Pisan. 1168 in Archivio storico VI. II. 47, in MG. SS. XIX. 256.
123 3250 302 3325 „ 10.
638 3261 2602 3330 Benincasam archiepiscopum Pisanum consecrat „die lunae proximiori post pasca“. Ma-
421 3263 517 3327 „?
693 3316 1467 3376 rangonis Chron. Pisan. 1168 I. I.
83 3356 267 3500 e lun.
642 3363 2607 3440 „Nuntios quamplures ad imperatorem (Fridericum) dirigit, ut quam citius possit. nulla
424 3378 523 3522 „
693 3427 2607 3495 dilatione habita Romam pergat, hostes debellet, et Rolandum cancellarium de Roma
691 3489 2607 3584 eapellat, ac ipsum in Roma ponat, victoriamque de inimicis suis acquirat, ac omnes
2233 3544 2328 3639 54*
472 165 2235 262 PASCHALIS III. (GUIDO CREMENSIS) antipapa. 1164 —1168.
2498 176 2624 265 427
