3007 3975
333 181 452 267 428
874 318 1869 408 1167. (Ind. 15, pont. a. 3. — 26. Apr. — 4.)
958 386 2876 468 inimicos ipsius suae ditioni subiuget; insuper etiam dicens .. . . . . messem iam nunc
958 454 2876 516 fore albam ad metendum, vineamque maturam esse ad vindemiandum“. Acerbi Mo-
958 507 2109 574 renae Continuat. anonym. in MG. SS. XVIII. 653.
344 554 572 649 Iul. 22.
625 560 826 633 Romam
905 558 2881 638 pervenit. Marangonis chron. Pisan. 1168 I. I.: „Imperator Fridericus cum papa Pasquali
961 613 2326 677 venit Romam undecimo kal. Aug. apud ecclesiam S. Pefri“.
384 666 561 753 „ (22)
603 669 852 737 Romae in
905 673 2878 744 Inthronizatur. Chron. regia Colon. 1167 in MG. SS. XVII. 781, ed. Waitz p. 118:
583 724 866 830 eccl. S. Petri
956 724 2876 792 „Papam Paschalem in sede b. Petri collocavit (imperator)“. Cf. Marangonis chron.
961 788 1551 845 Pisan. 1168 verba citata.
388 839 567 927 „ 30.
682 839 784 923 „
912 825 2881 909 „sequenti die dominico (post d. 24. Iulii) missam celebrat et in capite imperatoris cir-
961 887 2878 956 culum aureum imponit“, Acerbi Morenae Contin. anonym. p. 654. „Papam Paschalem
958 945 2881 1009 in sede b. Petri collocavit (imperator), ubi etiam idem papa III. kal. Augusti, do-
961 1009 2881 1068 minica ante Vincula S. Petri, 15 electos, alios in patriarchas, alios in archiepiscopos,
963 1062 2878 1130 nonnullos in episcopos ordinavit“, Chronica regia Colon. 1167 in MG. SS. XVII. 781,
958 1108 1391 1181 ed. Waitz p. 118.
397 1146 872 1252 „ 31. Romae apud
903 1152 2883 1230 14489 (9410) Petentibus canonicis ecclesiae Argentoratensis, edictum Friderici impera-
603 1223 850 1296 S. Petrum
958 1223 2881 1287 toris confirmat, „ut tributarii ecclesiae statutis temporibus iura iis persolvant, et si
958 1278 2883 1342 contumaciter ea usque ad festum S. Andreae retinere praesumpserint et satisfacere
961 1336 2885 1393 neglexerint, a iure proprio cadant, et si proterve adhuc retinuerint, anathematis
963 1380 2883 1461 gladio feriantur“. Würdtwein Nova subs. dipl. X. 25, Wiegand Urk. v. Strassburg
961 1446 1606 1506 I. 95. — „Immobili debet“.
355 1490 572 1625 Augs. 1.
605 1486 852 1561 Romae in
905 1484 2883 1561 „Sequenti Martis die, in quo fuit tunc festivitas S. Petri ad vincula, quae fuit in ka-
607 1559 866 1625 ecclesia b.
961 1554 2885 1614 lendis Augusti, Fridericum imperatorem et Beatricem eius coniugem ex coronis auro
658 1612 808 1680 Petri
965 1601 2883 1678 purissimis ac multis pretiosissimis gemmis decoratis coronat“, Acerbi Morenae Contin.
963 1656 2885 1724 anonym. p. 654. „In festo b. Petri dominam Beatricem uxorem caesaris in impe-
963 1722 2883 1782 ratricem consecravit“, Chronica regia Colon. max. 1167 I. I. Cf. Marangonis Chron.
963 1777 1367 1828 Pisan. 1168 I. 1.
393 1797 868 1908 „ 6. Romae ap.
912 1815 2885 1892 14490 Ludovico, episcopo Basileensi, decumarum episcopatus partem quartam asserit,
607 1883 861 1969 S. Petrum
963 1874 2885 1945 ita tamen, ut eae singulis annis in singulis ecclesiis, non autem quarto quoque anno
965 1930 2839 2005 „in integrum“ recipiantur. Trouillat Mon. de Bdle I. 344. — „Oportet nos pro“.
386 1941 565 2073 „ 6.
695 2014 790 2082 „
914 1987 2885 2055 14491 Monasterii Stabulensis tutelam suscipit, possessionesque et privilegia confirmat,
969 2051 2885 2113 petente Herlebaldo abbate. Pflugk-Harttung Acta I. 290, (Mémoires de l'acad.
967 2091 2839 2161 roy. de Belgique XXI. Notice de Stavelot p. 15). — „Piae postulatio voluntatis“.
386 2137 574 2241 „ 6.
689 2150 804 2241 „
916 2157 2885 2228 14492 Herlebaldo, abbati Stabulensi, eiusque successoribus usum anuli, mitrae, dalma-
967 2214 2883 2272 ticae, sandaliorum, sermonemque in ecclesia sua ad populum faciendi ius asserit.
969 2265 2883 2329 Alexandri, episcopi Léodiensis, donationem confirmat. Pflugk-Harttung Acta I. 293,
967 2314 2887 2393 (Mémoires de Tacad. roy. de Belgique XXI. Notice de Stavelot p. 15). — „Consuevit
969 2378 1391 2444 apostolicae sedis“.
399 2418 439 2566 „
645 2413 848 2555 viterbi
914 2424 2671 2491 relinquitur a Friderico imperatore. Acerbi Morenae contin. anonym. p. 656.
916 2482 2889 2548 14493 *Hermannum, abbatem Fuldensem, a sese consecratum privilegiis ornat; inter
967 2541 2887 2603 alia concedit, ut „minores ordines episcopali auctoritate conferat“. (Verba: „minores
969 2585 2885 2669 „.  . conferat“ non sunt a suspicione libera). Vide Brower Fuld. Antiquit. p. 300, Mona-
972 2654 2852 2718 steriorum Germ. Centuria I. p. 61. Cf. Pflugk-Harttung Dipl.-hist. Forsch. p. 508.
888 2756 1235 2826 1164—1168.
914 2802 2887 2901 14494 -clristiano, christianissimo sedis apestolicae legato, impertalis aulae cancellario
967 2890 2887 2954 et Romae ecclesiae filio fidelissimo, salutem et apostolicam benedictionem“. Huius
972 2954 2883 3021 formae epistolae Christiano directae memorantur in nota marginali Gestorum archiepp.
972 2998 1882 3074 Magdeb. Contin. in MG. SS. XIV. 417.
885 3102 1858 3197 1168. (Ind. 1, pont. a. 4. — 26. 4pr. — 5.)
360 3104 868 3268 xa. 2a u„— „
916 3182 2885 3261 14495 (9411) Episcopatum Cameracensem, ab obedientia archiepiscopi Remensis, Alexan-
616 3255 870 3339 S. Petrum
972 3252 2883 3319 dri III. partibus faventis, solutum, Philippo, archiepiscopo Coloniensi, subiicit. La-
972 3299 2883 3372 comblet Urk. I. 300, Pflugk-Harttung Acta I. 294. Cf. ea, quae annotat Papst ap.
967 3356 2456 3427 Hirsch Jahrb. Heinrich II. T. II. 62 n. 3. — „Sedes apostolica“.
351 3400 585 3566 sesSopt.
634 3396 855 3495 In turre
916 3418 2883 3502 Stephani Theobaldi. Vide Iohannis Sarisberiensis epist. Opp. ed. Giles II. 165, Epist.
976 3475 1663 3573 S. Thomae ed. Lupus p. 476.
722 161 2485 265 PASCHALIS III. (GUID0 CREMENSIS) antipapa. 1164—1168.
