3007 3975
326 167 444 240 430
855 311 2109 404 1170. (Ind. 3. — Sept. — 4, pont. a. 2. — Sept. — 3.)
335 375 545 503 Sept. —
888 388 2856 468 14499 *Monasterio S. Eugenii Senensi decimas quasdam asserit. Wiener Sitzungsber.
938 454 2854 536 XCIV. 678. (Quae de hac bulla annotat Pflugk-Harttung Iter p. 278 n. 654, non
932 512 1179 594 intellego).
850 602 1031 704 1170?
340 695 556 779 Mai. 19.
607 662 804 808 Viterbii
879 675 2854 764 14500 Ir(mentrudi) abbatissae Dithkirchensi significat, se sententiam inter eam et pa-
932 761 2854 819 rochianos de Setheme, a Brunone praeposito et Hugone decano maioris ecclesiae Co-
934 814 2799 872 loniensis latam comprobare. Pflugk-Harttung Acta I. 295. — „Ea quae a viris“.
338 852 556 945 Iul. 9.
656 878 760 945 „
879 861 2854 931 14501 Ir(mentrudi) abbatissae Dithkirchensi alteras eiusdem argumenti litteras dat.
932 927 2193 1007 Pflugk-Harttung Acta I. 296. — „Ea quae a dilectis“.
848 1013 2094 1121 1171. (Ind. 4. — Sept. — 5, pont. a. 3. — Sept. — 4.)
338 1104 552 1238 fun. 1.
605 1099 804 1225 Viterbii
881 1108 2850 1188 14502 *Ecclesiam Constantiensem „cum omnibus possessionibus, praesentibus et futuris,
934 1179 2854 1236 et in specie cum monasterio b. Georgii in Petri domo cum omnibus ad ipsum per-
930 1236 2748 1307 tinentibus“ in tutelam sedis apostolicae recipit. Neugart Ep. Const. I. II. 146.
850 1336 2096 1426 1172. (Ind. 5. — Sept. — 6, pont. a. 4. — Sept. — 5.)
342 1395 837 1499 Apr. 15. ap. Montem
874 1413 2850 1495 14503 Erlebaldo, abbati Stabulensi, concedit, ut anulo, mitra, dalmatica, sandaliis utatur,
594 1479 802 1567 Altinum
934 1490 2847 1550 utque in sua ecclesia sermonem ad populam faciat. Pflugk-Harttung Acta I. 296,
934 1530 2852 1598 ubi pro „ap. montem Alcinum“ legendum „Altinum“, hodie Montalto, et orbiculi sen-
932 1596 2847 1667 tentia corrigenda est. (Regestum in Mém. de l'acad. royale de Belgique XXI., Notice
930 1654 2439 1726 de Stavelot par Gachard p. 15). — „Consuevit apostolicae sedis“.
846 1744 2101 1841 1173. (Ind. 6. — Sept. — 7, pont. a. 5. — Sept. — 6.)
340 1799 556 1916 Apr. 26.
592 1819 806 1936 Fulginei
883 1828 2852 1912 14504 (9413) Monasterii S. Blasii possessiones confirmat, petente Wernero abbate.
934 1899 2852 1985 Neugart C. D. Al. II. 103, Wirtemberg. Urkundenb. II. 172. — „Quia sedis apo-
927 1956 1146 2020 stolicae“.
852 2042 1186 2131 1169—1175.
338 2104 846 2226 Sept. 2. ap. sanctum
870 2115 2852 2217 14505 R(udolfo) episcopo, H(enrico) praeposito, archidiaconibus totique capitulo ma-
576 2206 835 2287 Flavianum
930 2190 2841 2267 ioris ecclesiae Leodiensis litteras dirigit. Regestum in Neues Archiv IV. 624. —
934 2259 1451 2314 „Quod tamquam viri“.
380 2290 552 2407 „ 20.
645 2327 748 2409 „
881 2290 2847 2387 14506 (9414) Parthenonis Dithkirchensis disciplinam privilegiaque, a Rteinaldo et Phi-
932 2354 2845 2438 lippo archiepiscopis Coloniensibus constituta, probat. Günther Cod. dipl. Rh. Mosel.
934 2422 1575 2497 I. 424. — „Ratio pietatis“.
848 2499 1177 2594 1177—1178.
598 2552 806 2691 Naerbio
872 2574 2850 2669 discedit. Romoaldi Salern. Annal. 1178 in MG. SS. XIX. 459. Bosonis card. Vita
934 2661 2708 2740 Alexandri III. ap. Watterich II. 447. De tempore fugae cf. Reuter III. 761.
850 2756 1528 2855 1178. (Ind. 11, pont. a. 10.)
578 2844 832 2919 in Albano
627 2910 788 2970 Monte
874 2833 2410 2921 Romoaldi Salernit. Annal. p. 459, Bosonis card. vita Alex. p. 447.
344 2952 556 3060 Aug. 29.
585 2959 824 3062 Tusculami
877 2941 2845 3029 „In decollatione b. lohannis ad pedes domini Alexandri papae III. venit“. Annal. Ca-
932 3012 2845 3078 sinens. 1178 in MG. SS. XIX. 312, Romoaldi Salern. Annal. ibid. XIX. 460, Annal.
932 3071 2841 3184 Ceccanenses 1178 ibid. XIX. 286; Rad. de Diceto Im. Hist. ap. Twysden H. A. SS.
936 3122 1548 3208 I. 601, ed. Stubbs I. 426.
671 159 2529 253 CALIXTUS III. (IOHANNES DE STRUMA) antipapa. 1168—1178.
