3007 3975
660 329 821 415 1159.
132 386 357 479 lun. 12.
391 371 627 512 Anaeniae
689 388 2655 483 10573a Archiepiscopos et episcopos, (abbates et alios ecclesiarum praclatos) hortatur.
744 474 2657 536 populum sibi commissum adducant, ut in favorem templariorum collectas instituant.
742 527 2657 594 Qui in eorum fraternitate collegam se statuerit et ei beneficia annua contulerit, ei
744 583 2662 660 de iniuncta poenitentia septimam partem relaxat, cet. Ferreira Mem. dos Templarios
746 638 1836 728 I. II. 767. — „Milites templi Hierosolymitani“.
1111 896 2213 1031 ALEXAXDER III. 1159— 1181.
660 969 835 1068 1160.
136 1044 355 1154 Apr. 19.
393 1040 631 1154 Anaaniae
693 1044 2664 1141 10630a Eeclesiae S. Mariae Castellanae (lanuensis) antiqnas consuetudines confirmat.
744 1135 2666 1190 et nova privilegia concedit, bulla ad O. praepositum. Vigna IIlustrazione di S. Maria
746 1183 2664 1267 di Castello, Genova 1864, p. 472. teste Desimoni Regesti p. 62. n. 144. — „Tunc
742 1247 1102 1313 recte officium“.
660 1307 828 1408 1161.
134 1391 364 1475 Febr. 25.
391 1395 631 1468 Anagniae
693 1384 2664 1472 10656a Ecclesiae Toletanae patrocinium suscipit, oppida dioecesis constituit ac posses-
746 1461 2662 1523 siones confirmat, petente lohanne archiepiscopo. Boletin de la real. acad. de la hist.
751 1510 1685 1576 VII. 218. — „Pie postulatio voluntatis“.
134 1556 360 1645 Mart. 2.
459 1561 572 1651 („)
698 1565 2666 1631 10657 a *Adinolfo, episcopo Alatrino, mandat, ut Iohanni Ionathae de Vico „pauperi
746 1627 2664 1689 clerico dioecesis suae“ provideat. (Rectene ascripta sit anno huic, disceptandi non
751 1676 2660 1749 habeo facultatem.) Luigi de Persiis Del pontificato di S. Sisto I. papa e martire,
748 1733 2662 1804 della traslazione delle sue reliquie da Roma in Alatri, Alatri 1884, p. 213 ex arch.
746 1795 2664 1863 capit. Alatr. pergam. n. 166. (Extractum ex hoc libro, quem ipse non vidi, debco
748 1848 1177 1905 Edmundo Bishop.)
136 1879 355 1998 Sept. 5?
397 1870 634 2000 Ferentini
695 1885 2664 1969 10676a (12409 nostrae ed.) Syro archiepiscopo et consulibus lanuensibus scribit, sese
753 1963 2662 2022 ad eorum preces litteras direxisse ad canonicos S. Laurentii „pro illa domo diruenda,
753 2014 2664 2071 quae formositatem maioris portae ipsius ecclesiae dicatur impedire“. Addit Hen-
753 2069 2664 2126 ricum archiepiscopum Beneventanum et B(onadiem) presbyterum cardinalem tit.
753 2122 2666 2184 S. Chrysogoni ad Emanuelem, imperatorem Graecorum, pro negotiis ecclesiae desti-
748 2177 2664 2243 natos esse. Rogat, ut cives Ianuenses in ipsius imperio morantes hortentur, ut apo-
748 2234 2666 2294 stolicae sedis legatos honeste recipiant et adiuvent. Desinit ita: „In eisdem quoque
746 2292 2664 2351 litteris vestris quam fidelitatem et devotionem circa Romanam ecclesiam et personam
751 2345 2666 2404 nostram habetis, plenius denotare studeatis, ut vobis (corr.: verbis) praedictorum lega-
751 2396 2664 2462 torum fides plenior debeat adhiberi et scismaticorum heresis confutari.“ Desimoni
748 2442 2666 2521 Regesti p. 107. („Dat. VIIII. id. Sept.“; Pflugk-Harttung Iter p. 275: „XIIII. id.
748 2502 1546 2574 Sept.“.) — „Super illo dilectionis“.
139 2508 647 2650 De„ a. Terraeiaae
698 2552 2666 2623 10684 a Quae ecclesiae S. Petri de Hegtredeberie (Heytesbury) loscelinus episcopus et
751 2621 2666 2678 Rogerus quondam archidiaconus Sarisberiensis et Mathilda olim imperatrix et Elyas
751 2678 2657 2758 Giffard aliique contulerint, ea confirmat. Iones The Reg. of S. Osmund I. 352. —
748 2733 1416 2813 „Iustis petentium desideriis“.
662 2793 839 2877 1162.
139 2853 364 2972 Febr. 25.
428 2853 614 2981 Lannuae
695 2862 2664 2961 106osa (oOberti) episcopi Dertonensis eiusque sncccesorum possessiones et iura con-
724 2945 2662 3014 „ firmat. Bottazzi Monumenti dell“ Archiv. capit. di Tortona, Tortona 1837. p. 36.
748 2992 2032 3069 teste Desimoni Regesti p. 65. n. 161. — „In eminenti“.
698 3056 2664 3129 10803 a * Ecclesiae S. Mariae Magdalenae Castrodunensis possessiones confirmat. Bourdas
746 3111 1493 3175 Hist. somm. du Dunois II. 221.
667 3160 837 3272 1163.
141 3257 366 3343 Ian. 7.
428 3259 612 3350 Turoni
698 3263 2662 3343 10807a Templi Hierosolymitani tutelam suscipit, privilegiaque confirmat et auget,
748 3330 2662 3403 petente Bertrano magistro. Ferreira Mem. dos Templarios I. II. 774. — „Omne
751 3387 1153 3449 datum optimum“.
490 3445 543 3535 „
700 3422 2664 3500 10870a Ecclesiae Mediolanensis possessiones et privilegia confirmat, bulla ad Obertum
753 3493 2660 3597 archiepiscopum. Sormanus De anathemate contra Callos p. 232 teste Ciulini Mem.
176 3524 753 3648 Rsa Pot Ronras. 25 ec 11
2317 3551 2392 3637 96
1031 181 1729 280 Supplementum regestorum.
2531 189 2653 271 761
