3007 3975
673 320 837 408 1169.
399 388 647 541 Benevemi
709 375 2671 470 11621y Ecclesiae S. Caprasii Aginnensis possessiones confirmat, petente B. priore.
152 386 377 477 Mai. 14.
760 454 2673 527 Cop. saec. XIII. in Arch. dép. de la Haute-Garonne in Toulouse, fonds de St.-Sernin,
755 514 2675 587 Liasse 8. titre 4. Ex litteris Douais mecum communicavit comes Riant. — „Apo-
755 569 1473 638 stolici moderaminis clementia“.
671 638 839 733 1170.
410 719 642 803 Ferentini
148 719 373 810 Sept. 16.
702 724 2675 795 11837a Ab Hugone archiepiscopo lanuensi et Gerardo abbate Civitatulano latam inter
755 792 2673 850 ecclesiam S. Mariae Castellanam et ecclesiam SS. Nazarii et Damiani sententiam
755 836 2673 909 confirmat. Vigna IIlustraz. di S. Maria di Castello, Genova 1864, p. 477 teste De-
757 907 2167 967 simoni Regesti p. 68. n. 184. — „Quotiens super re aliqua“.
709 945 2673 1018 11837ß Clericos SS. Nazarii et Damiani hortatur, ut sententiam in favorem S. Mariae
187 947 368 1046 „ 17.
477 958 583 1044 „
755 1004 2673 1082 Castellanae latam observent. Vigna Illustraz. di S. Maria di Castello p. 478 teste
755 1066 2140 1143 Desimoni Regesti p. 68. n. 185. — „Ea quae de mandato“.
671 1121 835 1207 1172.
404 1185 642 1283 Tusculani
704 1183 2677 1263 12160a Decano et capitulo Wormatiensi indulget, ut ecclesiae malefactores, si tertio
150 1185 366 1278 Aug. 28.
753 1249 2675 1313 commoniti satisfacere noluerint, cum assensu electi (Conradi) vel episcopi excom-
753 1302 2673 1382 municent. (Textus depravatus est.) Westdeut. Zeitschr. f. Gesch. u. Kunst VII. 97.
755 1364 1380 1439 — „Si quando postulatur“.
673 1437 1003 1530 1160. 1173.
402 1519 640 1620 Anagniae
702 1508 2673 1601 12174a Lunensem episcopum miratur „ad mandatum et suggestionem Friderici (— non
145 1503 377 1627 Nov. 26?
753 1583 2673 1651 dicimus imperatoris, sed vehementis persecutoris ecclesiae“ —) civibus Ianuensibus
755 1645 2673 1713 apostolicae sedi fidelibus Portum Veneris una cum consulibus Pisanis abstulisse itaque
755 1693 2673 1768 potentiam illius auxisse, qui se ipsum (i. e. papam) de die in diem vehementissime
755 1755 2673 1821 persequi non desisteret. Mandat, a tali praesumptione abstineat et ab obsequio
757 1806 2673 1881 „memorati tiranni“ ulterius se subtrahat. Desimoni Regesti p. 104. (Quae de tem-
755 1859 2673 1932 pore epistolae profert auctor ibid. p. 67. n. 174, nullius momenti sunt. Ceterum in
755 1921 2671 2002 regesto et in lemmate epist. legitur: Nov. 15; in clausula vero „VI. kal. Dec.“.) —
755 1969 1217 2064 „Licet devotionem“.
671 2038 837 2137 1173.
145 2093 368 2232 Febr. 26.
424 2097 623 2219 Sirniae
704 2106 2675 2201 12192a Fratribus de Claromaresco praecipit, ut monasterii S. Bertini Sithiensis privilegia
757 2195 2673 2267 super territorio Arquensi observent. Fragm. ap. Haigneré Les chartes de St.-Bertin
757 2254 1451 2316 I. 118. — „Sicut vobis iura“.
150 2272 368 2391 Aug. 7.
704 2290 2675 2376 12233a „Duobus curialibus“ mandat, ut exequantur iudicium ab ipso prolatum in favorem
404 2307 642 2393 Anagniae
757 2356 2675 2426 Alatrinorum contra Frusinates, fundum „Campi Flori“ sibi vindicantes. Luigi de
757 2413 2673 2479 Persiis Del pontificato di S. Sisto I. papa e martire, della traslazione delle sue
760 2475 2675 2537 reliquie da Roma in Alatri, Alatri 1884, p. 213: ex Arch. capit. Alatr. pergam. n. 12.
755 2515 2675 2594 (Extractum ex hoc libro, quem ipse non vidi, debeo Edmundo Bishop; ideoque
757 2583 2615 2643 facultatem non habeo disceptandi, rectene sit ascripta epistola huic anno necne.)
145 2594 368 2714 Oet. 26.
707 2632 2675 2718 12241 a (8285) Henrico, archiepiscopo Remensi, mandat, ut fugitivos H. thesaurarii ec-
470 2643 585 2727 „
760 2696 2677 2753 clesiae Altissiodorensis servos reverti ad eundem dominum cogat. Martene Coll.
760 2749 2675 2811 II. 992, Migne 200 p. 965. (Jaffé hanc ep. annis 1173—74 attribuerat; sed die
760 2800 2673 2862 26. Oct. a. 1174 papa „Anagniae“ iam non erat. Suo loco eam delevi, sed in locum
757 2857 2094 2941 alium transferre oblitus eram.) — „Dilectus filius noster“.
673 2899 839 2996 1175.
152 2961 375 3065 Mai. 22.
413 2943 649 3115 Perntr
704 2981 2675 3056 12485a Consulibus lanuensibus ecclesiam S. Ruffi omnesque ad eam pertinentes eccle-
757 3047 2677 3104 sias commendat. Hortatur eos, ut ecclesiae S. Salvatoris, in cuius terra noviter
762 3096 2675 3160 muri ad munitionem civitatis sint erecti, dignam compensationem exhibeant. (In
762 3160 2675 3217 clausula „II. kal. Iun.“ significare „11“, non „2“ docet regestum p. 69. n. 188.)
764 3208 1922 3268 Desimoni Regesti p. 109. — „Ecclesiam S. Ruffi“.
711 3257 2677 3332 12518a Domum leprosorum Baiocensium tuendam suscipit eiusque possessiones ab
152 3248 380 3378 Sept. 10.
477 3261 585 3429 „
764 3323 2677 3383 Heinrico Anglorum rege, Henrico episcopo Baiocensi eorumque praedecessoribus aliis-
766 3380 2675 3431 que donatas confirmat. In bibl. publ. Baiocensi ms. 1, Cartul. de prieuré de St.-
768 3422 2671 3506 Nicolas de la Maladrerie près Bayeux, vulgairement nommé de la Chesnay, scr.
764 3486 1875 3590 c. 1450. fol. 7. — „Iustis petentium desideriis“.
2311 3522 2403 3630 96*
1049 170 1752 258 Supplementum regestorum.
2549 172 2677 267 763
