3007 3975
684 318 850 408 1176.
722 371 2693 461 12750e sdilberto Londoniensi et Rogero Wigorniensi episcopis mandat, ut canonicis
771 459 2693 525 S. Frideswidae Oxoniensibus super controversia contra ecclesiam Oseneiensem agitata
775 505 2691 591 silentium imponant. Vide Howlett Chronicles of Stephen, Henry and Richard I.
773 558 994 644 p. XLII.
689 638 852 755 1177.
163 737 384 834 lan. 22.
446 739 642 850 Siponti
722 742 2691 825 12768a Monachos S. Bertini Sithienses hortatur, ut Simoni abbati (nuper electo)
773 812 2695 878 obedientiam et reverentiam exhibeant. Haigneré Les chartes de St.-Bertin I. 127.
775 865 1347 934 — „Inanis est et vana“.
167 907 382 1040 Pebr. 4.
724 912 2695 982 12775a *Xenodochii Hierosolymitani possessiones et privilegia confirmat, petente Rogero
773 973 2693 1040 magistro. Reg. ap. Naberat Sommaire des privil. de lordre de St.-Jean p. 35. (Bulla
775 1037 2693 1095 fortasse ad a. 1178 redigenda; saepissime editores non animadverterunt, in cancellaria
775 1090 2394 1152 apostolica secundum calculum Florentinum annos indicari solitos esse.)
170 1130 388 1243 Apr. 18.
428 1130 665 1254 Ferrariae
722 1141 2693 1203 12801 a Monasterii Ramesiensis protectionem suscipit ac „libertates, oblationes, digni-
777 1205 2697 1263 tates, immunitates, iura, quae emendationes vocantur“, confirmat. Hart and Lyons
775 1252 2167 1320 Cartul. de Rameseia II. 148. — „Cum in apostolicae sedis“.
205 1307 386 1411 „ 28.
499 1325 589 1411 „
729 1298 2695 1386 12816a Archiepiscopos, episcopos, abbates, priores et alios ecclesiarum praelatos hor-
779 1369 2697 1426 tatur, ut populum sibi commissum ad instituendas pro templariis collectas admoneant.
775 1417 2697 1481 Eis, qui in eorum fraternitate se recipiendos curaverint et ei beneficia annuatim
777 1470 2699 1537 contulerint, septimam poenitentiae partem relaxat; cet. Ferreira Mem. dos Templarios
777 1525 1869 1596 I. II. 769. — „Milites templi Hierosolymitani“.
174 1563 684 1684 Mai. 23. Venetf- ip
724 1572 2699 1654 12846a (Richardo) archiepiscopo Cantuariensi, apost. sedis legato, scribit, ecclesiam
430 1643 669 1753 Rivo alto
777 1634 2699 1700 S. Petri Haltonensem ex arbitrio (Silvani) abbatis Rievallensis et (Gregorii) prioris
782 1691 2699 1757 Bridlingtoniensis monachis de Nehus adiudicatam esse, mandatque, ut abbatissae et
784 1753 2695 1813 sororibus Alnestovensibus super hac re silentium imponat. (E cod. Mus. Britan.
782 1802 2699 1868 Harleian. 43. G. 24 anglice vertit) Wigram Chronicles of Elstow p. 47. — „From
779 1861 2145 1919 lettres of our beloved brothers“ („Ex litteris dilectorum“2).
174 1905 393 1987 Iun. 9.
488 1910 609 2020 „
733 1916 2702 1976 12866a (Iohannis) episcopi Carnotensis possessiones, in his abbatiam S. Andreae con-
782 1972 2699 2033 firmat. In bibl. publ. Carnot. 2“ partie des mss. n. 34. fol. 227“. Misit A. Clerval
779 2020 1586 2093 Carnotensis. — „Et ordo rationis“.
172 2058 391 2190 In. 26.
707 2071 2702 2144 f12890a Veronae altare maius S. Mariae antiquae consecrat, eisque qui in die assum-
784 2142 2699 2203 ptionis b. Mariae et per octavam ecclesiam visitaverint et de facultatibus adiuverint,
784 2190 2704 2256 de iniuncta poenitentia centum annorum remissionem indulget. Inscriptio, sine dubio
779 2248 1855 2329 falsa, ap. Schöpflin Hist. Zaringo-Bad. V. 118.
693 2318 866 2440 1178.
176 2431 689 2528 lan. 11.  (Anagniae)
731 2418 2706 2502 13009a Adinulfo, Landulfo et Stulto, filiis Gregorii pagani, castrum Falbaterie usque
784 2488 2704 2563 ad 29 annos in feudum concedit. Studi e docum. di storia e diritto VII. 45.
784 2550 2704 2612 (Scripsit cartam Ildicius, quem iudicem Anagninum fuisse didicimus ex num. 127360.)
176 2601 399 2691 Iun. 13.
446 2594 665 2696 Laterani
737 2612 2706 2669 13073 q Monasterii Heiningensis protectionem suscipit, possessionesque et privilegia
788 2667 2706 2718 confirmat, petente Heinrico praeposito. Autograph. in bibl. Beverin. Hildeshem.
786 2707 2706 2775 Sammlung Kraatz, Abth. Heiningen. Dedit Doebner. (Cf. etiam Lüntzel Gesch. d.
784 2764 1546 2835 Di6c. m. Stadt Hildesh. II. 224.)
218 2817 397 2910 „ 30.
508 2831 607 2930 „
740 2822 2704 2888 13079a Monasterii Ramesiensis tutelam suscipit, possessionesque et privilegia confirmat,
788 2881 2704 2945 petente Roberto priore. Hart and Lyons Cartul. de Rames. II. 134. — „Apostolici
788 2937 1376 3003 moderaminis clementiae“.
174 2959 406 3100 In. 18.
499 2994 616 3060 „
737 2976 2708 3051 13085a Bona praepositurarum, quae Guillelmus episcopus Carnotensis ad usum capituli
788 3049 2706 3104 communem deputavit, confirmat. In bibl. publ. Carnot. 2“ partie des mss. n. 34.
790 3098 2708 3173 fol. 62“, intitulato: Registr. privilegiorum papalium eccl. Carnot. Misit A. Clerval
790 3162 1972 3233 Carnotensis. — „Ad nostram noveritis audientiam“.
707 3237 1058 3336 1159— 1179.
185 3316 404 3509 N 9.
439 3314 680 3464 Anaemniae
737 3352 2706 3447 13141a Episcopo Morinensi scribit, ut immunitatem ecclesiarum ad monasterium S. Ber-
795 3422 2706 3486 tini Sithiense pertinentium, quae in eius dioecesi sitae sint, observet. Fragm. ap.
795 3482 2657 3588 Haigneré Les chartes de St. -Bertin I. 135. n. 804. — „Iniunctum nobis a Dco.
1060 161 1763 269 Supplementum regestorum.
2562 167 2691 269 765
