3007 3975
267 150 386 238 766
804 300 1153 390 1166— 1179.
837 359 2801 450 13179a Bituricensi archiepiscopo et Lingonensi ac Tullensi episcopis et archidiaconis
278 362 499 461 Mart. 7.
547 355 768 452 Laterani
888 441 2801 510 (in eorum dioecesibus constitutis) mandat curent, ut fratres Cistercienses a solvendis
888 496 2799 560 decumis non solum novalium sed omnium laborum liberentur. Ex copia saec. XIII.
888 552 2797 609 in fol. 1. cod. 6 bibl. coen. Zwettlensis misit M. Tangl. — „Audivimus et audientes“
837 600 2797 675 13194 a *Ecclesiae Paderbornensi, capitulo rogante, monasterium Helmershusense, sicut
315 587 497 686 „ 28.
609 605 711 684 „
885 662 2580 735 canonice possideat, confirmat. Finke Westfal. Urkundenb. V. 47. n. 125.
804 728 967 810 1179.
280 775 497 892 Mart. 5.
550 770 768 903 Laterani
837 810 2801 892 13317a Capitulo Carnotensi scribit, ne quis ecclesiae servos taillare praesumat. (Bulla
888 874 2799 945 fortasse ad a. 1166 — 79 redigenda, vide supra ep. 13176.) In bibl. Carnot. 2“ partie
885 938 2799 1009 des mss. n. 34. fol. 63 intitulato: Registrum privilegiorum papalium eccl. Carnot.
888 984 2087 1055 Misit A. Clerval Carnotensis. — „Cum ecclesiarum“.
397 991 494 1124 19.
839 1040 2799 1106 13333a *Ecclesiae S. Mariae Hierosolymitanae subiicit ecclesiam S. Mariae Bethlee-
598 998 711 1130 („)
888 1104 2792 1168 mitanam. (Notae temporis sunt corruptae; sed bullam ad hunc annum pertinere,
888 1159 2799 1236 probant et ind. XII et incarn. anni 1178; pro „pont. a. 18“ corrigatur igitur „pont.
885 1205 1646 1278 a. 20“.) Pirri Sic. sacr. I. 584.
802 1263 972 1369 1180.
561 1329 753 1446 Vellieari
280 1325 497 1455 Mart. 28.
835 1351 2797 1437 13635 a Monasterii S. Martiani Dertonensis possessiones et iura confirmat. Bottaszi
881 1419 2794 1497 Carte inedite dell Arch. capit. di Tortona p. 141, Bottazzi Monumenti dell' Arch.
883 1488 2797 1554 capit. di Tortona p. 40 teste Desimoni Regesti p. 71. n. 204. — „Piae postulatio
883 1541 1153 1605 voluntatis“.
280 1554 490 1676 Mai. 10.
592 1550 707 1676 („)
835 1583 2797 1662 13655a Walterum de Ridal, ob devotionem patris, b. m. Anskitilli (cf. supra 11193a)
883 1656 2794 1709 erga sedem apostolicam, tuendum suscipit eique possessiones quasdam confirmat.
885 1702 2792 1773 (Quo loco bulla data sit, iam legi nequit; sed in tergo notatum est „A. dom. 1180“,
885 1766 2794 1824 quibus verbis nisus eam huic anno inserui; aliter de nota dorsuali iudicat Bates in)
883 1817 2794 1885 Archaeologia Aeliana 1887. p. 203, cf. ibid. p. 198. — „Sacrosancta Romana ec-
879 1870 1058 1938 clesia“.
534 1852 773 2040 Fan
830 1912 2797 1987 13685a Archiepiscopis, episcopis, abbatibus et aliis ecclesiarum praelatis mandat, curent
269 1877 497 2014 dut. 15.
881 1978 2797 2044 ne a fratribus militiae templi decimae „de novalibus vel de aliis terris, quas propriis
881 2031 2794 2106 manibus vel sumptibus excolant, sive de nutrimentis animalium“ exigantur, ut vel
883 2097 2794 2161 post concilium Lateranense factum sit. Transgressores, si clerici sint, suspendant,
883 2150 2794 2228 si laici, excommunicent, donec satisfecerint. Ferreira Mer. dos Templarios I. II. 789.
885 2210 1573 2283 — „Audivimus et audientes“.
799 2267 1049 2362 c. 1180.
830 2345 2797 2426 13723a Monasterii S. Hippoliti in Austria tutelam suscipit, possessionesque et privi-
883 2422 2792 2488 legia confirmat, petente Cunone praeposito. Duellius Excerpta genealogico-historica,
881 2477 2794 2537 Lipsiae 1725, p. 30. (Bulla etiam exstat apud Maderna Historia Canoniae San-
883 2528 2790 2597 hippolit. II. 58, meliusque ap. Lampel und Filgel Urkundenb. v. St.-Pölten I. 18,
883 2592 2231 2654 ut nobis scribit vir ill. Lampel. — „Desiderium quod ad“.
799 2645 1133 2747 1171—1181.
271 2725 492 2817 lan. 12.
532 2733 773 2826 Tusculani
828 2738 2794 2811 14244a *Fratribus S. Bertini Sithiensibus praecipit, ut ad servitium in ecclesia Bur-
881 2802 2792 2879 burgensi duos presbyteros reservent. Haigneré Les chartes de St.-Bertin I. 139.
883 2859 1683 2952 n. 313. — „Relatum est auribus“.
1354 3118 2255 3246 L.CCIUS III. 1181—1185.
797 3188 958 3292 1181.
271 3266 779 3367 Nov. 25. Romae ap.
826 3272 2794 3358 14521 a (Desiderio) episcopo Morinensi scribit de Huchaldo milite, qui terram quan-
521 3341 773 3464 S. Petrum
879 3350 2792 3414 dam ab matre sua Ele capellae monasterii S. Bertini Sithiensis donatam auferre
879 3400 2792 3542 epactut. Fregm. ap. Haggners Les cbartes de St Peren L. 162. — „dmectas alu-
881 3469 1069 3579 Hoster“.
1182 152 1884 247 Supplementum regestorum.
