3007 3975
729 293 1356 386 1159. (Ind. 8, pont. a. 1.)
808 366 2730 450 („Scriptum Romae, 2 die mens. Dec. et nostri apostolatus anno 1.“) Gilberti Foliot
810 437 2430 496 epist. ed. Giles II. 109, Migne 200 p. 1317. — „Sancta et catholica“.
205 446 428 569 Ber. 12.
468 485 702 565 Anagniae
762 488 2728 556 10600 (7135) Henricum, episcopum Bellovacensem, credit „tum publica et communi
810 541 2726 609 fama, tum litteris saepius a sese in Galliam destinatis“ iam eruditum de schismate
810 605 2726 664 esse. H(enricum) tituli SS. Nerei et Achillei presbyterum et O(ddonem) S. Nicolai
813 662 2728 722 in carcere Tulliano diaconum cardinales, legatos suos, commendat. Martene Coll.
810 713 2598 772 II. 654, Bouquet Rec. XV. 748, Migne 200 p. 81. — „Qualiter Octavianus“.
247 755 428 848 „ 13.
541 759 634 843 „
764 764 2726 832 10601 (7136) Archiepiscopis, episcopis, abbatibus, prioribus et universis ecclesiarum
813 825 2728 892 praelatis, per Liguriam, Aemiliam, Histriam et ducatum Venetiae constitutis, de
810 876 2724 940 schismate paucis mutatis eadem, quae superioribus litteris 10584. 10587. 10592
810 934 2728 995 scribit. Addit, Octavianum quintadecima die post sui consecrationem, octava post
813 989 2728 1053 excommunicationem ab ipso in eum prolatam, (i. e. d. 4. m. Octobris), per (Imarum)
815 1042 2730 1108 Tusculanum, ac per Melphiensem et (Ubaldum) Ferentinensem episcopos, praesentibus
815 1097 2728 1159 Iohanne et Guidone „quondam“ cardinalibus, „exsecratum“ (i. e. consecratum) esse.
810 1150 2043 1216 Rubei Hist. Rav. p. 341. — „Eterna et immutabilis“.
225 1137 329 1305 („)
539 1139 645 1300 („)
762 1205 2730 1269 10602 (7137) Omnibus Angliae episcopis de schismate et de Octaviani excommuni-
810 1265 2730 1336 catione atque consecratione cadem, quae praecedente epistola, significat. Wilkins
808 1320 2193 1375 Conc. I. 432. —— „Et vera (leg. Eterna) et incommutabilis“.
757 1373 2094 1444 10603 Ecclesiae Ravennati. Pflugk-Harttung Iter p. 808.
724 1431 1082 1543 1159 — 1160?
757 1523 2728 1601 10604 (7138) Episcopo Bellovacensi (al. Beneventano) mandat, ut Griboldum, qui
810 1585 2726 1665 „nondum XIIII. annorum timore magistri habitum religionis apud ecclesiam de Rus-
808 1649 2724 1709 sinis (al. Resone) susceperit et inde sicut puer infra annum exierit, a voto profes-
808 1702 2721 1771 sionis absolvat“. (Ex registri libro I?) App. conc. Lat. L. 10, Coll. Cass. XXVI. 2,
808 1764 2717 1824 Comp. I. L. 3. t. 27. c. 11, Decr. Greg. L. III. t. 31. c. 11, Migne 200 p. 83. —
810 1813 1383 1877 „Significatum est nobis“.
762 1868 2726 1934 10605 (7139) Episcopo Sarisberiensi scribit de Rogerio canonico, qui „frustatoriae dila-
808 1921 2724 1994 tionis causa videatur appellasse“. (Ex registri libro I?) Append. conc. Lat. L. 11,
808 1974 2717 2042 Comp. I. L. 2. t. 20. c. 44, Decr. Greg. L. II. t. 28. c. 28, Migne 200 p. 84. —
810 2033 1385 2100 „Pervenit ad nos, quod“.
757 2078 2724 2157 10606 (7140) Praeposito et canonicis Sulcan. (al. Insulensibus, Insilensis) scribit de
808 2137 2721 2212 praebenda sacerdoti cuidam collata. (Ex registri libro 1?) App. conc. Lat. L. 9,
813 2201 2724 2263 Comp. I. L. 3. t. 5. c. 13, Decr. Greg. L. III. t. 5. c. 11, Migne 200 p. 83. — „Signi-
808 2250 1241 2314 ficatum est nobis“.
760 2305 2726 2369 10607 (7141) Episcopo Tornacensi (al. archiepiscopo Turonensi) mandat, inducat mulie-
813 2365 2721 2426 rem, quae filium interemerit, ut monasterium capessat. (Ex registri libro I?). App.
810 2422 2721 2486 conc. Lat. L. 12, Coll. Cass. XXXIX. 4, Comp. I. L. 5. t. 9. c. 1, Decr. Greg. L. V.
808 2466 2074 2537 t. 10. c. 1, Migne 200 p. 84. — „Veniens ad nos M.“
760 2519 2726 2588 10608 (7142) Episcopo Verulano respondet de clericis, „qui, infra subdiaconatus ordinem
808 2574 2721 2643 constituti, uxorem accipiunt“. (Ex registri libro I?) App. conc. Lat. L. 7, Comp. I.
808 2632 2721 2711 L. 3. t. 3. c. 5, Decr. Greg. L. III. t. 3. c. 3, Migne 200 p. 82. — „Quod te cum“
808 2691 1117 2756 „Quod a te“.
760 2747 2726 2813 10609 Archiepiscopo Bracarensi eiusque suffraganeis mandat, ut archiepiscopo Toletano
810 2806 2470 2862 tamquam primati obediant. Pflugk-Harttung Iter p. 261. — „Cum sit“.
760 2850 2724 2919 10610 Archiepiscopo Tarraconensi mandat, primati Toletano obediat curetque, ut suf-
808 2906 2540 2979 fraganei sui idem faciant. Pflugk-Harttung Iter p. 261. — „Qui gaudent“.
757 2959 2721 3027 10611 Archiepiscopo Bracarensi sub poena suspensionis (iterum) mandat, ut archiepi-
810 3016 2724 3091 scopo Toletano tamquam primati obediat. Pflugk-Harttung Iter p. 262. — „Si
810 3078 1098 3146 quanta sit“.
731 3168 2600 3257 1160. (Ind. 8. — 25. Sept. — 9), ponf. a. I. — 20. Sept. — 2, 1159. — 25. Mart. — 1 760.)
209 3288 428 3361 lan. 2.
463 3230 702 3365 Anarnlae
757 3283 2721 3358 10612 B(osonis) episcopi Catalaunensis studium erga se et Romanam ecclesiam laudat.
810 3345 2719 3409 De appellationibus respondet, „non licere civilibus personis in causa civili ante pro-
813 3400 2717 3460 nuntiationem sententiae in vocem appellationis prorumpere“, cet. R. canonici, ex
810 3453 2721 3555 ecclesia Omnium samnctorum eiecti, causam ei demandat; qui eum verberaverint. eos
994 143 1924 238 ALEXANDER III. 1159—1181.
2604 143 2728 242 149
