3007 3975
702 295 2569 386 1160. (Ind. 8. — 25. Sept. — 9, pont. a. 1. — 20. Sept. — 2, 1159. — 25. Mart. — 1160.)
784 377 2704 439 annulum (prout dicatur) investitum esse“ scribit. Litteras ad (Hugonem) archiepi-
784 432 2699 499 scopum Rotomagensem et eius suffraganeos missas esse. Fridericum imperatorem
786 490 2702 549 cum Octaviano „in coena domini“ (24. Mart.) a sese excommunicatum nunciat.
790 543 2704 613 Arnulfi Lex. epist. p. 112, Watterich II. 490, Bouquet Rec. XV. 760, Mansi XXI.
788 598 1966 658 1124, Migne 200 p. 88. — „Litteras a tua nobis“.
735 647 2704 715 10628 (7147) (Eberhardo), archiepiscopo Salzburgensi, eiusque suffraganeis scribit de
444 596 676 755 Aaagniar.
183 598 393 768 Ar 4.
784 708 2704 770 Friderici imperatoris in ecclesiam Romanam iniuriis, de conventu Papiensi, de Octa-
786 757 2699 825 viano per annulum ab imperatore papatu investito. Significat, se „in coena domini“
784 821 2702 883 (24. Mart.) et imperatorem et Octavianum et Ottonem comitem palatinum „atque
784 874 2704 931 omnes principales fautores eorum“ excommunicasse. Haec addit: „Vos omnes spe-
786 934 2706 993 cialiter et communiter universos a fidelitate, quam ei fecistis, et ab omni debito
784 984 2704 1048 imperii absolvimus, ita quod in nullo ei de caetero teneamini obedire, sed potius
786 1040 2704 1106 in remissionem vobis iniungimus delictorum, ut contra cos, quos ipse per tyrannidem
786 1097 2708 1154 suam sibi subiugare, opprimere et vastare voluerit, nullum ei consilium vel auxilium
786 1148 2699 1221 ministretis“. Tengnagel Vet. mon. p. 396, Mansi XXI. 1034, Migne 200 p. 90. —
786 1207 1383 1265 „Pro illis tribulationibus“.
737 1249 2706 1322 10629 (lohanni) archiepiscopo Toletano eadem, quae praecedente epistola, scribit.
214 1256 397 1331 „ 4.
534 1256 603 1342 „
790 1318 2008 1384 Neues Archiv VI. 369. — „Pro illis tribulationibus“.
740 1375 2708 1433 10630 Universis praelatis per Salzburgensem provinciam constitutis mandat, ut nuntios
214 1362 399 1439 „ 12.
534 1369 598 1444 „
784 1426 2706 1488 F(riderici) „dicti imperatoris“, quos (Eberhardus) archiepiscopus excommunicaverit vel
786 1479 2708 1548 excommunicaturus sit, in cibo, potu, salutatione, oratione prorsus evitent. Ex origin.
786 1534 2448 1592 in tabul. Vindobon. Misit F. Kaltenbrunner. — „In viris ecclesiasticis“.
183 1554 399 1658 Mai. 6.
742 1590 2708 1654 10631 Domus hospitalis Raillonensis protectionem suscipit. (Fragmentum. Clausula
519 1590 607 1709 „
786 1647 2193 1711 est interpolata.) In bibl. nat. Paris. ms. lat. 17126. f. 132“.
185 1696 399 1766 Iun. 9.
709 1696 2708 1762 p10632 Lampridio, archiepiscopo Iaderensi, scribit: cognovisse se ex Absalone archiepi-
793 1760 2708 1817 scopo Spalatensi, cives Spalatenses iureiurando sanxisse, „ut nulli de civitate eorum
788 1815 2708 1877 liceat aliquas possessiones vel bona immobilia ecclesiae alicui donare, vendere, seu
788 1866 2708 1927 legare“. Quod institutum per „potestatem, consilium et communem civitatis“ illius
793 1925 2710 1987 tollendum curet, praecipit. („Dat. Viterbii, V. id. Iun., pont. n. a. I.“ Falsarius
790 1967 2710 2044 bullam Alexandri IV. prae oculis habuisse videtur.) Farlatus III. sacr. III. 181, Feiér
788 2036 1822 2100 C. D. H. II. 159. — „Ex parte venerabilis“.
742 2084 2713 2146 10633 Fratres domus templariorum prope Atrebatum sitae vetat possessiones mona-
185 2062 404 2161 lul. 31.
523 2080 620 2181 „
793 2135 2713 2210 sterii S. Vedasti usurpare. Taillar Recherch. p. s. à Thist. de St. Vaast p. 447 teste
793 2195 1535 2259 Wauters Table chronol. II. 423.
183 2243 402 2320 Oct. 2.
742 2252 2708 2316 Vide Annal. Ceccan. 1160 in MG. SS. XIX. 285: „6. non. Oct. ordinavit Radulfum
525 2252 612 2347 „
790 2309 2353 2369 presbyterum et consecravit eum episcopum in Ferentinensi ecclesia“.
187 2332 404 2435 Nov. 17.
742 2365 2710 2426 10634 (Bernardo) Santonensi et (Raimundo) Tolosano episcopis schisma in episcopatu
523 2354 616 2433 „
790 2415 2708 2475 Pampilonensi ortum cognoscendum committit, ubi electorum alter ab archiepiscopo
790 2464 2710 2532 Tarraconensi, alter ab archiepiscopo Toletano consecratus sit. („In secundo libro
790 2526 2377 2585 domini Al.“) Neues Archiv VI. 295. — „Insolitum ac abominabile“.
742 2585 2710 2641 10635 (7148) Monasterium S. Mariae Rievallense tuendum suscipit et eius bona ac
227 2566 406 2643 „ 20.
521 2590 623 2720 „
795 2632 2708 2705 iura, petente Aelredo abbate, confirmat. Monast. Anglic. I. 731, nov. ed. V. 283,
793 2685 1712 2758 Migne 200 p. 92. — „Religiosis votis“.
744 2742 2710 2813 10636 (7149) Henricum, episcopum Bellovacensem, iubet in ea, quam adhuc praestiterit,
225 2727 408 2811 „ 29.
525 2729 623 2817 „
790 2802 2708 2868 erga se fide perseverare. Martene Coll. II. 664, Bouquet Rec. XV. 764, Migne 200
793 2853 1480 2923 p. 96. — „Inconcussae fidei“.
187 2903 408 2974 Dec. 21.
742 2903 2708 2972 10637 (7150) Canonicorum S. Frigdiani Lucensium privilegium confirmat, ut ex eorum
530 2908 623 2974 „
793 2968 2710 3023 numero diaconi cardinales S. Mariae novae eligantur. Cronica can. ord. p. 33, Pen-
793 3018 2710 3089 notti Ord. cleric. canonic. hist. ed. Rom. p. 275, ed. Colon. p. 283, (Bull. Lat. p. 41).
795 3074 1372 3140 — „Ad hoc universalis“.
748 3127 2713 3188 10638 Verno, priori S. Frigdiani Lucensi, ecclesiam S. Andreae de Carraria aliaque
227 3111 413 3193 „ 21.
539 3127 618 3195 „
797 3184 2359 3246 bona confirmat. Pflugk-Harttung Iter p. 262. — „Que a fratribus“.
748 3237 2710 3299 10639 Monasterium S. Mariae Pomposianum tuendum suscipit eiusque possessiones ac
229 3233 413 3308 „ 21.
521 3239 623 3312 „
799 3292 2706 3372 iura confirmat, imposito fratribus trium solidorum argenteorum censu annuo. Pflugk-
802 3343 1791 3464 Harttans lter p. 262. — „Lfioctam dusta“.
961 139 1886 231 ALEXANDER III. 1159—1181.
2580 145 2697 234 151
