3007 3975
638 326 1626 419 1166. (Ind. 14, pont. a. 7. — 20. Sept. — 7.)
720 386 2635 477 ipsum facta moveatur, iudicent“. Nunciat, se archiepiscopo interdixisse, ne eum neve
720 457 2635 525 regnum turbet, „donec causae illae debitum sortiantur effectum“; „verum“ inquit „si
720 518 2633 580 idem archiepiscopus in te interim aliquam sententiam tulerit, nos eam irritam esse
722 578 2635 638 censemus; ad indicium huius rei, litteras praesentes, si articulus ingruerit necessitatis,
722 631 2635 691 ostendas; alioquin rogamus, ut litteras ipsas, aut earum tenorem a nullo sciri per-
722 684 2638 744 mittas, sed eas habeas omnino secretas“. Epist. S. Thomae ed. Giles II. 136, Rymer
722 739 2635 799 Foedera I. 25, Migne 200 p. 426, (Mansi XXI. 891). — „Magnificentiae tuae nuncios“.
101 739 267 934 („)
364 730 618 918 daerny
671 790 2635 854 11303 (7548) Thomae, archiepisoopo Cantuariensi, significat, se „receptis litteris et
724 850 2638 912 nunciis Henrici (Anglorum) regis, eum per litteras et nuncium suum iterum com-
722 907 2638 969 monere proposuisse, ut eum sibi reconciliet“. Hortatur, ut regem „quousque huius
722 958 2638 1022 rei finem videat, patienter sustineat, nec contra ipsum, nec contra quoslibet regni
724 1009 2638 1075 aliquid statuat“. „Postremo“ inquit „nec tibi deerit auctoritas, si aliter revocari non
726 1060 2640 1137 poterit, tuum libere officium exercere; volumus autem, ut hoc habeas penes te secre-
722 1126 2631 1188 tum“. Epist. S. Thomae ed. Lupus p. 84, ed. Giles II. 8, Migne 200 p. 427. —
726 1179 1215 1247 „Receptis litteris et“.
676 1221 2642 1298 11304 (7549) Waldemarum, Danorum regem, hortatur, ut fratres ordinis Cisterciensis,
729 1291 2642 1349 in monasterio Wengensi a Suenone, electo Arusiensi, collocatos, tueatur. Monet, ut
729 1347 2642 1408 in devotione b. Petri perseveret et Eskillum, archiepiscopum Lundensem, apostolicae
726 1404 2644 1464 sedis legatum „ad ecclesiam suam devote et honorifice revocet“. Langebek SS. R.
726 1455 2039 1523 Dan. V. 238, Migne 200 p. 428. — „Cum audimus, te“.
678 1506 2644 1587 11305 (7550) Absaloni Roschildensi. Tuconi Burglanensi episcopis. et Radulpho Ripensi
731 1567 2646 1627 ac Suenoni Arusiensi electis mandat, hortentur Waldemarum regem, ut et monasterio
731 1618 2646 1682 Wengensi faveat, et Eskillum, archiepiscopum Lundensem, „ad ecclesiam propriam
726 1676 2644 1751 revocet“. Langebek SS. R. Dan. V. 239. Migne 200 p. 429. — „Ex litteris vestris“.
642 1724 824 1826 11ee?
676 1824 2649 1899 11306 (7551) Gilbertum, episcopum Londinensem, hortatur, ut „talem se de cetero ex-
729 1885 2644 1956 hibeat, quod nulli ad ipsum sinistri referantur rumores et iustitia ecclesiastica non
729 1952 2649 2011 possit occassione eius quomodolibet deperire“. Mandat, ut quae (Hilarius) Oices-
729 2002 2646 2073 triensis, et (Rogerus) Wigorniensis episcopi de ecclesia Hardentonensi statuerint,
731 2060 2646 2120 observanda curet, et „denarium b. Petri, qui sibi de Anglia debeatur, ad abbatem
729 2117 2649 2175 S. Bertini sub certo pondere et numero transmittat“. Scribit, Bartholomaeum, epi-
729 2173 2646 2234 scopum Exoniensem, sibi significasse, se ei denarium de episcopatu suo numerasse;
733 2228 2653 2292 „unde miramur“ inquit „quod eum non habuimus“. Epist. S. Thomae ed. Lupus
731 2272 2266 2349 p. 117, ed. Giles II. 100, Migne 200 p. 430. — „Saepe nobis a“.
682 2332 2653 2404 11307 (7552) Archiepiscopo Bituricensi respondet de „causis matrimoniorum“. App.
731 2385 1608 2455 conc. Lat. L. 2. — „Relatum est et“.
680 2433 2651 2508 11308 (7553) (Archi)episcopo Strigoniensi respondet, ne simoniace impetratum pallium
733 2495 2651 2570 putet, propterea quod „cum Petrus tit. S. Laurentii in Damaso presbyter cardinalis,
733 2557 2651 2616 tunc vero S. Eustachii diaconus et apostolicae sedis legatus, ut pallium deferret, ad
733 2614 2651 2676 partes illas accederet, Alanus frater eius eidem cardinali equum unum transmiserit“.
737 2667 2642 2736 App. conc. Lat. L. 1, Comp. I. L. 5. t. 2. c. 20, Decr. Greg. L. V. t. 3. c. 18. —
737 2725 1288 2786 „Etsi quaestiones tuas“.
649 2762 992 2850 1189—1167.
687 2835 2653 2917 11309 -Bullis ad Bettonem, abbatem S. Bavonis Gandavensis, „confirmat 24 altaria
740 2917 2655 2972 cum decimis et appendiciis in personatu S. Bavonis existentia et cum toto claustro
740 2972 2222 3034 praedicti coenobii“. Thielrode-Chron. de St.-Bav. à Gand p. 23.
653 3027 996 3113 1166— 1167.
139 3080 357 3191 lan. 5.
397 3003 618 3180 raa
687 3085 2653 3171 11310 Ecclesiae Vadi-Ulmi possessiones et privilegia quaedam confirmat, petente lohanne
740 3157 2653 3219 priore. Ex chartul. S. Evurtii p. 532, ms. lat. 10089 in bibl. nat. Paris. Misit
740 3204 2653 3268 Delisle: in eiusdem bibl. Coll. Baluze t. 78. f. 75. — „Iustis petentium desideriis“.
689 3270 2651 3332 11311 (Hugoni) archiepiscopo lanuensi mandat, commoneat consules eiusdem civitatis,
174 3233 357 3367 „ 18.
486 3266 558 3376 „
742 3323 2655 3385 ut Sardiniam insulam a Pisanorum impugnatione defendant, „ne in alterius (sc. Fri-
744 3374 2655 3433 derici imperatoris) dominium minime possit transferri“, sed in fidelitate sedis apo-
744 3427 2651 3500 stolicae conservari. (Annum 1166 praefert Dove De Sard. insula p. 111.) Hist.
746 3482 2231 3581 Patr. Mon. Cod. dipl. Sard. I. 223. — „Statum et continentiam“.
172 3513 746 3623 Renenta Vont. Roman. ga es. n.
2319 3524 2388 3617 26
903 165 1827 271 ALEXANDER III. 1159—1181.
2501 165 2626 260 201
