3007 3975
324 181 450 262 202
870 322 1206 410 1166—1167.
905 379 2867 474 11312(7554) lohanni. episcopo Magalonensi, mandat, ut „si correctio canonicorum ad
614 351 830 492 Laterani
340 359 565 499 Lan. 20.
952 463 2867 525 capitulum pertineat, capitulum moneat, ut excessus infra triennium Glege: terminum)
954 510 2867 583 ab eo praefigendum corrigat; et alioquin ex tunc ipsos corrigere non postponat“.
952 569 2870 642 (Aliena manu additum est: „pont. nostri a. 2“). Gariel Ser. I. 205. Migne 200
954 622 1767 686 p. 431. — „Tua nobis fraternitas“.
908 671 2872 742 11313 (7555) (lohanni). episcopo Magalonensi, permittit, ut de canonicis ecclesiae Maga-
384 642 567 775 „ 26.
684 680 779 786 „
954 730 2867 799 lonensis ordinis S. Augustini, qui „non solum infra, verum etiam extra dioecesim,
956 795 2870 852 non obtenta licentia nec petita, evagent“, poenas capiat. (Aliena manus ascripsit:
952 834 2870 920 „pontificatus nostri a. 2“.) Gariel Ser. I. 204. Migne 200 p. 431. — „Cum sicut
952 905 1186 956 exposita“.
908 938 2872 1020 11314 (7556) Bertrandum, archiepiscopum Burdigalensem, apostolicae sedis legatum,
380 907 567 1040 „ „1.
680 976 775 1082 „
956 1007 2874 1071 laudat. quod sententiam a Bertrando. abbate S. Crucis, in S. Macharii monachos „ob
956 1053 2874 1132 inobedientiam et rebellionem“ promulgatam, comprobaverit. Gall. Chr. II. 817, Bou-
952 1119 2406 1185 quet Rec. XV. 850. Migne 200 p. 432. — „Sicut ex tuarum“.
908 1166 2874 1238 11315 Cappellanorum Laudunensium libertatem, a (Galtero) episcopo impugnatam, cor-
342 1141 565 1265 Febr. 3.
684 1117 773 1260 „
954 1221 2872 1296 roborat. Autographum in Coll. Grenier t. 286. nr. 3 in bibl. nat. Paris. — „Cum
954 1276 1294 1349 Senonis olim“.
903 1318 2874 1400 11316 (7557) Abbatem et fratres S. Remigii Remensis iam iterum hortatur, ut willel-
380 1325 563 1437 „ 10.
689 1327 775 1448 „
956 1395 2874 1464 mum. salva ordinis disciplina, recipiant et benigne tractent. Martene Coll. II. 723,
956 1439 2045 1514 Migne 200 p. 433. — „Pro Will(elmo) latore“.
905 1488 2874 1567 11317 (7558) (lohanni). episcopo Magalonensi, concedit, ut canonici ecclesiae Maga-
380 1486 565 1587 „ 15.
693 1481 775 1596 „
954 1556 2867 1618 lonensis ordinis S. Augustini „personatus, prioratus et administrationes, quas ob-
952 1614 2876 1676 tineant, in quibus non sint per electionem capituli instituti, saltem semel in anno
952 1669 2870 1726 in praesentia eius et capituli exhibere teneantur, et super his villicationis suae red-
954 1724 2872 1788 dere rationem“. (Perperam additum est „Pont. nostri a. 2“.) Gariel Ser. I. 203,
954 1779 2017 1841 Migne 200 p. 433. — „Ex insinuatione tua“.
903 1817 2876 1896 11318 (7559) Stephano, episcopo Meldensi, permittit. „ut. si quando monasterium ali-
373 1810 558 1914 „ 18.
693 1797 773 1965 „
952 1881 2874 1945 quod eius iurisdictionis vacare contigerit, nec fratres vel sorores in personam potu-
952 1943 2874 2000 erint idoneam concordare, fas ei sit, personam illam in abbatem vel abbatissam con-
954 1989 2872 2058 firmare, in quam maiorem et saniorem partem capituli noverit convenire“. Theodori
952 2044 2607 2108 Poenitentiale II. 611, Migne 200 p. 434. — „Pro dissensione fratrum“.
905 2102 2874 2170 11319 (7560) Henrico. archiepiscopo Remensi. mandat, iudicet inter canonicos Roienses
382 2064 561 2192 „ 20.
689 2091 771 2188 „
956 2168 2872 2223 et Robertum presbyterum, qui se queratur ab illis librarum 30 damno affectum esse.
958 2206 2651 2274 Martene Coll. II. 724. Migne 200 p. 434. — „Significat nobis Robertus“.
908 2267 2876 2334 11320 (7561) Henrico, archiepiscopo Remensi, mandat, ut Roberti sacerdotis et cano-
382 2256 565 2362 „ 20.
689 2274 775 2356 „
958 2320 2872 2391 nicorum Roiensium de libris 88 controversiam discernat. Martene Coll. II. 724,
956 2376 2191 2449 Migne 200 p. 435. — „Lator praesentium Robertus“.
910 2429 2874 2497 11321 I(ohannis) episcopi Gratianopolitani feodum sine licentia eius „donari, vendi,
382 2418 565 2524 „ 27.
698 2438 768 2521 „
958 2484 2870 2566 pignorari, obligari, vel in aliquam personam religiosam vel pium locum conferri“
958 2539 2772 2603 vetat. Chevalier Cartul. d'Aimoin de Chissé p. 60. — „Si quando postulatur“.
908 2590 2874 2663 11322 (7562) Abbati et fratribus Cluniacensibus significat, electionem Raimundi, abbatis
351 2566 565 2749 „„„„
695 2614 768 2731 „
952 2656 2872 2716 S. Benedicti Padilironensis, „propter itineris difficultatem et schismaticorum saevien-
952 2711 2874 2771 tium feritatem“ ab Ildebrando. presbytero card. basilicae XII apostolorum, aliisque
954 2767 2872 2828 confirmatam, a sese roboratam esse, salvis iuribus Cluniacensibus. Bull. Clun. p. 72,
956 2813 2121 2884 Migne 200 p. 435. — „Venerabilis frater noster“.
908 2857 2874 2945 11323 (7563) Abbati S. Remigii Remensis mandat, ut iudicet inter albatem S. lohannis
373 2846 565 2976 „ „
691 2846 775 2987 „
952 2928 2872 2994 de Vineis et eum, quem deiecerit, presbyterum. Martene Coll. II. 725, Migne 200
954 2987 1911 3054 p. 436. — „Ex transmissa conquestione“.
903 3025 2872 3104 11324 (7564) Henrico, archiepiscopo Remensi, et eius suffraganeis mandat, ut Drogonem
373 3001 567 3129 „ 5.
698 3036 777 3118 „
958 3091 2870 3162 „illum schismaticum, Lugdunensis ecclesiae violentum et improbum occupatorem“
952 3144 2872 3219 excommunicent. Gàichardum, archiepiscopum Lugdunensem, commendat. Martene
952 3204 2805 3266 Coll. II. 726, Bouquet Rec. XV. 851, Migne 200 p. 437. — „Quam graviter et“.
908 3252 2870 3323 11325 (7965) Henrico, archiepiscopo Remensi, mandat, ut homines quosdam a (Gui-
384 3237 567 3339 „ 10.
684 3263 784 3387 „
961 3316 2870 3385 done) episcopo Catalaunensi inique excommunicatos absolvat. Martene Coll. II. 727,
961 3367 2021 3431 Migne 200 p. 438. — „Suggestum nobis est“.
910 3411 2867 3493 11326 (7566) Henrico, archiepiscopo Remensi, mandat, ut controversiam Hugonis clerici
380 3409 570 3539 „ 13.
680 3387 782 3557 „
956 3480 2870 3590 et Hiencclimi clerici de Csuisern. wisi Mesio) episcopus Morinensis disceptaverit. ipse
1137 165 2056 267 ALEXANDER III. 1159—1181.
