3007 3975
645 324 976 419 1166— 1167.
724 386 2642 490 intra dies 40 diiudicet. Martene Coll. II. 728, Migne 200 p. 438. — „Ex relatione
724 459 958 534 Hugonis“.
123 452 338 583 Mart 11.
386 510 605 640 Laterani
673 505 2635 587 11327 (7567) Henrico, archiepiscopo Remensi, mandat, compellat Gdalterum), episcopum
726 576 2638 644 Laudunensem, ut lohannem, nepotem cantoris Duacensis, de pracbenda quadam in-
724 624 2556 702 vestiat. Martene Coll. II. 728, Migne 200 p. 439. — „Quoniam frater noster“.
671 677 2635 757 11328 (7568) Henricum, archiepiscopum Remensem, hortatur, ut cantori Duacensi
148 666 331 757 „ 14.
450 669 539 788 „
726 744 2635 810 „locum suum, quem in Atrebatensi ecclesia habuerit“, restituat. Martene Coll. II. 729,
726 797 1734 870 Migne 200 p. 440. — „Cum discretio tua“.
145 830 329 914 „ 16.
669 836 2631 923 11329 (7569) Decano et canonicis ecclesiae Catalaunensis praecipit, ut „clericos omnes.
452 834 556 971 „
720 909 2633 969 qui in episcopatu aliis legere voluerint et eos scholasticis instruere disciplinis, id
720 954 2633 1031 libere et sine omni contradictione cfficere permittant“. Martene Coll. II. 730, Bou-
720 1024 2297 1084 quet Rec. XV. 851, Migne 200 p. 440. — „Pervenit ad nos, quod“.
119 1048 331 1135 Apr. 18.
669 1064 2633 1135 11330 (7570) Henrico, archiepiscopo Remensi, mandat, commoneat canonicos ccclesine
455 1055 550 1152 „
715 1130 2633 1201 S. Crucis, ut Galterio diacono „praebendam sum non differant integrare“. Martene
713 1183 2158 1254 Coll. II. 731, Migne 200 p. 412. — „Veniens ad apostolicae“.
669 1227 2631 1298 11331 (7571) Henrico, archiepiscopo Remensi, mandat, hortetur Badar. militem et Nico-
145 1216 329 1318 „ 19.
452 1238 541 1336 „
718 1294 2626 1362 laum et Adamum, ut G. huius epistolae latori oppigneratam haereditatem maternam,
715 1351 2631 1424 recepta sorte, restituant. Martene Coll. II. 732, Migne 200 p. 442. — „Significavit
713 1397 947 1468 nobis G.“
141 1439 322 1532 „ 29.
667 1455 2629 1525 11332 (7572) Henrico, archiepiscopo Remensi, nunciat, relatum sibi esse, comitem
441 1431 550 1537 „
718 1508 2622 1583 Tolosanum, precibus et promissionibus Friderici imperatoris adductum, „disposuisse,
713 1574 2626 1636 quod omnes personas ecclesiasticas in terra sibi subiecta morantes, de regno etiam
715 1618 2626 1684 Ludovici Francorum regis, aut idolum adorare compelleret, aut proprias sedes relin-
713 1680 2624 1742 quere et exsilium cogeret sustinere“. Admoneri regem iubet, ut comitem al, hoc
709 1737 2624 1795 conatu avocet, et (Iohannem) expulsum episcopum Gratianopolitanum restituat. Mar-
709 1784 2626 1863 tene Coll. II. 732, Bouquet Rec. XV. 852, Migne 200 p. 442. — „Quorumdam nobis
709 1839 956 1908 relatione“.
103 1877 322 1963 Mai. 7.
660 1888 2622 1967 11333 Episcopis et abbatibus. Sic ap. Pflugk-Harttung Iter p. 267. — „Ex iniuncto-.
450 1908 519 1972 „
136 1938 318 2027 „ 14.
660 1956 2624 2018 11334 (7573) Henrico, archiepiscopo Remensi, mandat, ut canonicos S. Petri Braguensis
439 1941 528 2022 „
709 2009 2620 2078 et priorem monasterii de Noviei subire iudicium (Galteri), episcopi Laudunensis.
707 2067 2470 2133 iubeat. Martene Coll. II. 735, Migne 200 p. 444. — „Causam, quae inter“.
660 2115 2622 2181 11335 (7574) Canonicis Pisanis mandat, ut B(enincasam, cf. ep. 11550) quondam cano-
130 2086 313 2184 „ 15.
446 2104 521 2228 „
707 2175 2620 2239 nicum, excommunicatum schismatis defensorem, vitent, sed tamen recipiant, si ad
709 2237 2620 2305 virtutem redierit. Ughelli It. sacr. III. 403, Migne 200 p. 445. — „Iniqua et de-
702 2281 943 2351 testanda“.
656 2323 2620 2402 11336 (7575) Henrico, archiepiscopo Remensi, mandat, compellat Anch. de Waiseiaco
132 2325 313 2426 „ 26.
437 2329 530 2431 „
707 2398 2618 2460 et Guiterum de Amboni-villa, et Manassem ac Teob., ut lob. latori huius epistolae
700 2446 2615 2517 ablata restituant. Martene Coll. II. 736, Migne 200 p. 445. — „Ex conquestione lob.“
653 2499 2618 2566 11337 (7576) Henrico, archiepiscopo Remesi, mandat, iudicet inter G. civem Remen-
132 2477 311 2601 „ 28.
430 2479 530 2614 „
702 2563 2615 2627 sem et Simonem Deauratum super pecunia quadam litigantes. Martene Coll. II. 736,
707 2614 1769 2685 Migne 200 p. 446. — „Ex transmissa nobis“.
651 2667 2618 2738 11338 (7577) Electo Gaiacensi (Gaetano) mandat, ut de Petro Manconella presbytero
700 2722 2615 2793 iudicium faciat. (Ex registri libro VIII.) App. conc. Lat. L. 14, Comp. I. L. 5. t. 1.
700 2786 2613 2842 c. 12, Decr. Greg. L. V. t. 1. c. 10 et t. 34. c. 7. — „Cum Petrus“ „Cum P. Manconella“.
651 2831 2613 2901 11339 (7578) Episcopo Norwicensi significat, se R. clericum itineris Hierosolymitani
704 2897 2613 2961 voto solvisse. (Ex registri libro VIII.) App. conc. Lat. L. 15, Coll. Cass. XXXIX. 3,
698 2943 2613 3027 Comp. I. L. 3. t. 29. c. 2, Decr. Greg. L. III. t. 31. c. 2. — „Venientis ad nos“.
616 3032 1942 3138 1167. (Ind. 15. — 25. Sept. — 1, pont. a. 5. — 20. Sept. — 9.)
88 3142 309 3230 lan. 5.
360 3146 576 3272 Laterani
645 3142 2613 3226 11340 (7582) Ecclesiam S. Salvatoris Venetam tuendam susoipit., ciusque privilegia
695 3213 2609 3286 confirmat, petente Viviano priore. Cornelii Eccl. Ven. XIV. 97, Migne 200 p. 149.
698 3274 1272 3343 — „Ad hoc universalis“.
92 3303 307 3433 Mart. 17.
651 3319 2609 3398 11341 (7583) Monasterii S. Savini protectionem suscipit ac possessiqnes confirmat,
428 3341 519 3436 „
700 3385 2607 3449 petente Deusdedit electo abbate. Gall. Christ. I. Instr. p. 193, Migne 200 p. 451,
698 3447 2609 3570 ddt“s“e ——stat 1. bi. Pet Purie. mr. tat. 124s5. I. 248). „ „Sestien“
698 3495 908 3626 Mud 4“
2242 3524 2339 3659 S„*
910 167 1836 267 ALEXANDER III. 1159—1181.
2518 185 2646 280 203
