3007 3975
671 300 1986 393 1167. (Ind. 15. — 25. Sept. — 1, pont. a. 8. — 20. Sept. — 9.)
751 371 2671 443 in terra regis aliquid, quod magnum sit, faciant, et in regnum cius nulla ratione
751 428 2668 499 intrent, nisi archiepiscopus illi primitus integre reconcilietur“. lohannem de Cumin,
751 494 2671 552 qui „omnia rescripta litterarum suarum Guidoni Cremensi monstraverit ct illi sccreta
753 543 2671 605 sua detexerit“, puniri iubet. Epist. S. Thomae ed. Lupus p. 338, Epist. Gilberti
753 602 2668 666 Foliot ed. Giles II. 54, Mansi XXI. 885, Migne 200 p. 455. — „Post discessum
755 660 980 724 vestrum“.
145 669 366 779 Mai. 10.
408 658 634 775 Taterami
700 695 2673 772 11349 Parthenonis S. Mariae Santonensis tutelam suscipit, possessionesque et privilegia
751 766 2668 839 confirmat, petente Agnete abbatissa. Grasillier Cart. inéd. de la Saintonge II. 19.
751 825 1484 887 — „Cum omnium ecclesiarum“.
181 861 649 947 „ 31.  Romae ap.
702 874 2673 938 11350 (7589) Raimundo, episcopo Brixiano, et eius successoribus asserit ius ad dextram
395 923 649 1007 S. Mariam
748 923 2673 1004 archiepiscopi Mediolanensis in synodis sedendi. Ughelli It. sacr. IV. 544, Migne 200
437 989 609 1071 novam
751 982 1409 1053 p. 456. — „Ex transmissa“.
148 1024 362 1119 lun. 1.
494 1066 572 1121 „
704 1033 2675 1106 11351 (7590) Henrico, archiepiscopo Remensi, mandat, iudicet inter abbatem S. Remigii
751 1088 2668 1154 et Si. mulierem. Martene Coll. II. 741, Migne 200 p. 456. — „Causam, quae inter“.
181 1146 364 1234 „ 13.
481 1152 583 1227 „
702 1150 2673 1221 11352 (7591) Galdino, archiepiscopo Mediolanensi, mandat, tollat privilegia quaedam a
751 1201 2675 1269 Robaldo, quondam archiepiscopo, canonicis Modoetiensibus in iniuriam parthenonis
751 1260 2673 1325 Cremellensis concessa. Giulini Mem. di Mil. VI. 535, Migne 200 p. 456. — „Sug-
755 1318 1049 1386 gestum est“.
183 1327 362 1455 „ 17.
490 1371 581 1442 „
702 1358 2673 1433 11353 (7592) (Rogero), archiepiscopo Eboracensi, mandat, ut ab Henrico, Anglorum
751 1431 2673 1488 rege, „requisitus, coronam Henrico, primogenito filio eius, imponat“. („Dat. R. can.
748 1484 2675 1543 apud S. Mariam novam XV. kal. Iulii“.) Coll. Cass. LV. 4“, (Epist. S. Thomae
753 1541 2675 1601 ed. Giles II. 45, Migne 200 p. 457. Cf. Reuter II. 683). — „Quanto per caris-
748 1592 954 1656 simum“.
183 1601 364 1715 „ 27.
483 1631 576 1735 „
702 1629 2675 1709 11354 (7593) Henrico, archiepiscopo Remensi, mandat, O. Rufum nisi (Guido) episcopus
753 1704 2673 1764 Catalaunensis compulerit, ipse cogat, ut Ersendi mulieri solidos 100 persolvat. Pag.
757 1762 2677 1821 sacerdotem et Guillelmum burgensem adigat ad explenda damna eidem mulieri illata.
757 1808 2275 1874 Martene Coll. II. 741, Migne 200 p. 457. — „Super negligentia“.
181 1821 364 1936 „ 28.
488 1870 578 1956 „
704 1863 2673 1930 11355 Iohanni, episcopo Vicentino, litem inter cruciarios Vicentinos et abbatissam
753 1923 2673 1983 S. Petri diiudicandam committit. Ex Istoria di Vicenza f. 255 in Musei Britann.
753 1983 1657 2033 mS. addit. 8602. Dedit Karolus Pertz.
183 1991 364 2106 „ 28.
483 2031 581 2139 „
704 2031 2675 2102 11356 (7594) Henrico, archiepiscopo Remensi, scribit, litteras de Hersende muliere a
755 2091 2673 2148 sese per Milonem clericum olim missas nequaquam fucosas esse. Hortatur, ne
753 2135 2673 2203 Eustachio et Theobaldo, nisi mulieri illi satisfecerint, communionem reddat. Martene
748 2192 2176 2265 Coll. II. 742, Migne 200 p. 458. — „Ex narratione Milonis“.
148 2230 364 2334 Iul. 1.
470 2256 589 2332 „
704 2252 2673 2316 11357 (7595) Henrico, archiepiscopo Remensi, significat, „Urbem ex inscitia et inertia
753 2312 2673 2376 populi adversa sorte fuisse ab inimicis in parte depressam, in quo nimirum ecclesiae
751 2365 2673 2431 status non potuerit non gravari“. „Verumtamen multo minus“ inquit „quam fama
751 2411 2673 2486 feratur, damnum sustinuit, sicut ex relatione I. et P. clericorum (losci) Turonensis
753 2473 2671 2541 archiepiscopi et (Guillelmi) Carnotensis electi plene cognosces“. Martene Coll. II. 743,
757 2526 2483 2590 Bouquet Rec. XV. 854, Migne 200 p. 459. — „Dum illam sincerissimam“.
183 2548 364 2674 „ 10.
492 2537 567 2645 „
702 2581 2675 2643 11358 Guarino abbati et fratribus Pontiniacensibus asserit ecclesiam Dalonensem, a
753 2643 2673 2703 canonicis eius, assensu episcopi Lemovicensis, sponte concessam. Henry Hist. de
748 2691 2123 2760 l'abb. de Pontigny p. 336. — „Iustis petentium desideriis“.
185 2740 280 2824 „
375 2722 2673 2813 in Cartularia, custoditur ab Oddone Frangipane. Marangonis Chron. Pisan. 1168 in Arch. stor. Ital.
757 2797 2671 2864 VI. II. 49, in MG. SS. XIX. 256; Cf. Romoaldi Salern. Annal. in MG. SS. XIX. 436.
152 2837 658 2932 Iul. Aug. ad radicem
695 2857 2434 2926 montis Circeii. Vide Bosonis card. Vitam Alexandri ap. Watterich II. 407.
183 2923 320 2976 „ „
419 2906 620 2979 Legulae
702 2912 2107 2981 fluvium transit. Vide Bosonis card. Vitam Alexandri p. 407.
178 2979 329 3040 „ „
395 2965 647 3036 Terracinae
707 2968 1721 3025 Vide Bosonis card. Vitam Alexandri p. 407.
181 3025 322 3087 „ „
430 3027 625 3089 Caietae
704 3014 2388 3080 Vide Bosonis card. Vitam Alexandri p. 407, Romoald. Salern. Annal. I. I.
148 3058 364 3166 Ang. 22.
399 3080 640 3160 Beneventi
702 3074 2671 3140 11359 (7596) Wilhelmo S. Petri ad vincula presbytero et Ottoni S. Nicolai in carcere
755 3131 2671 3193 Tulliano diacono cardinalibus, apostolicae sedis legatis, mandat, ut inter Ludovicnm
755 3188 2673 3250 Francorum et Henricum, Anglorum regem, pacem componant; sed interdicit, „ne
757 3239 2671 3308 uterque eorum vel alter regnum Anglorum intrare vel in negotiis eiusdem regni
753 3292 2671 3356 tractare et praesertim de consecrationibus episcoporum aliquid unquam efficere, vel
755 3350 2671 3411 ordinare praesumat, nisi prius Thomas, Cantuariensis archiepiscopus, Anglorum regi
753 3403 2668 3467 ex integro reconcilietur“. Epist. S. Thomae ed. Lupus p. 364, Epist. Gilberti Foliot
755 3458 2662 3557 ed Giles II. 57. Mansi X XI. 884 (et 1043). Migne 200 p. 460. — „Quanta universae Dei“.
932 139 1858 234 ALEXANDER III. 1159—1181.
2545 150 2673 242 205
