3007 3975
342 185 468 289 24?
883 344 1208 432 1170—1171.
967 404 2881 501 XXI. 19, Comp. I. L. 5. t. 10. c. 11, Decr. Greg. L. V. t. 12. c. 10. — „Suscepimus
963 479 1285 536 litteras tuas“.
916 534 2883 596 11871 (7940) Episcopo et archdiacono Vicentino mandat de filiis Heremanni legitimis
967 585 2876 658 iudicandis. (Ex registri libro XII.) App. conc. Lat. L. 23, Comp. I. L. 4. t. 18. c. 8,
967 644 2196 704 Decr. Greg. L. IV. t. 17. c. 8. — „Perlatum est ad“.
916 697 2878 761 11872 (7941) Episcopo Wigorniensi respondet, „monachos in accusatione abbatum
967 753 2878 814 suorum esse audiendos“. (Ex registri libro XII.) App. conc. Lat. L. 16, Coll. Cass.
967 803 2876 874 XLV. 3, Comp. I. L. 2. t. 21. c. 2, L. 5. t. 1. c. 13, Decr. Greg. L. II. t. 30. c. 2,
963 854 2609 920 L. V. t. 1. c. 11. — „Ex parte tua huiusmodi“ („De confirmationibus“).
919 923 2878 980 11873 Monasterio de Claromaresco bona quaedam asserit, petente David abbate. Mém.
967 967 2501 1042 de la soc. de la Morinie XI. 344. — „Iustis petentium desideriis“.
883 1044 2792 1141 1171. (Ind. 4. — 25. Sept. — 3, ponf. a. 12. — 20. Sept. — 13, 1170. — 25. Mart. — 1171.)
353 1124 581 1203 lan. S.
616 1075 855 1260 „atn.
914 1135 2878 1201 11874 (7942) (Lando) electo, archipresbytero et canonicis ecclesiae Lucensis praecipit,
965 1192 2878 1260 ne fratres S. Frigdiani iniuriis afficiant. Baluzii Misc. IV. 596, Migne 200 p. 716.
967 1247 1517 1313 — „Dilecti filii nostri“.
916 1296 2885 1371 11875 (8018) W(ladislaum), Bohemiae regem, filio suo A(delberto), archiepiscopo Salz-
393 1289 578 1393 „ 28.
698 1309 786 1386 „
967 1358 2881 1415 burgensi, non opitulari contra inimicos miratur. Ad auxilii lationem hortatur. Suden-
963 1411 2876 1477 dorf Registrum I. 69. De anno cf. Fechner in Arch. f. K. österr. Gesch. XXI. 339,
967 1459 2878 1528 Meiller Reg. arch. Salisb. p. 122, Reuter III. 79. — „Cum ecclesia Salzburgensis“.
916 1517 2881 1581 11876 (7943) Monasterii Voraviensis protectionem suscipit, possessionesque ac privilegia
395 1512 578 1598 „ 31.
698 1521 782 1594 „
967 1581 2881 1645 confirmat, petente Liupoldo praeposito. Caesar Annal. Styr. I. 764, Zahn Urk. von
963 1634 1842 1698 Steiermark I. 498. — „Officii nostri“.
916 1678 2881 1749 11877 (7944) Ecclesiam S. Mariae Seccoviensem tuendam suscipit, eiusque bona et
355 1678 574 1775 Febr. 10.
707 1634 777 1779 „
965 1740 2878 1806 privilegia, petente Wernero praeposito, confirmat. Zahn Urk. von Steiermark I. 501,
963 1784 2744 1855 (Pusch et Froehlich Dipl. St. I. 157, Migne 200 p. 717). — „Quotiens illud“.
916 1852 2881 1912 11878 (7945) Monasterii Admontensis protectionem suscipit, bonaque ac iura confirmat,
393 1841 572 1925 „ 10.
700 1839 779 1916 „
965 1905 2881 1967 petente Liutoldo abbate. Pez Th. An. III. III. 666, Wichner Admont I. 299, Ur-
965 1958 2881 2027 kundenb. des Landes ob der Enns II. 336, Zahn Urk. v. Steiermark I. 507, Migne
967 2016 1696 2080 200 p. 718. — „Officii nostri“.
919 2062 2883 2131 11879 Liutuldo, abbati Admontensi, concedit, ut in parthenonibus regimini eius com-
395 2051 576 2142 „ 10.
704 2042 779 2190 „
969 2128 2881 2190 missis abbatissae consilio et assensu eius eligantur, cet. Wichner Admont I. 303,
963 2179 2282 2234 Zahn Urk. von Steiermark I. 505. — „Admonet nos et“.
916 2223 2883 2294 11880 (7946) Ecclesiam S. Petri Tarvisinam tuendam suscipit, canonicorumque bona
391 2221 576 2307 „ 11.
704 2230 775 2307 „
967 2287 2881 2358 confirmat, petente Drudone praeposito. Ughelli It. sacr. V. 525, Migne 200 p. 722.
961 2343 1444 2407 — „Effectum iusta“.
916 2391 2885 2460 11881 (7947) Parthenonis S. Petri Blaziliensis tutelam suscipit ac disciplinam et pos-
395 2382 576 2477 „ 15.
702 2400 784 2475 „
965 2451 2883 2513 sessiones confirmat, petente Philippia abbatissa. Mém. de l'acad. de Clermont-Fer-
965 2502 2883 2568 rand XIX. 280, Mon. pont. Arverniae p. 288, (Gall. Chr. II. Instr. p. 158, Migne
969 2563 1897 2619 200 p. 723). — „Iustis postulationibus“.
916 2612 2881 2678 11882 (7948) Petro, abbati S. Remigii, et Fulconi, decano Remensi, mandat, iudicent
397 2590 574 2694 „ 25.
707 2605 784 2691 „
972 2663 2881 2738 inter S. Urbani et Dervensem abbates. Sirmondi Opp. III. 853, Mansi XXI. 923,
967 2720 1884 2793 Migne 200 p. 723. — „Causam, quae“.
916 2767 2883 2842 11883 (8039) Henrico, archiepiscopo Remensi, scribit, famam nunciare, „Ludovicum
399 2762 572 2857 „ 28.
698 2771 788 2895 „
967 2831 2881 2897 Francorum regem esse requisitum, ut filio F(riderici imperatoris), persecutoris eccle-
967 2886 2876 2952 siae, suam desponsaret filiam in uxorem“; quod ne faciat, regem moneat. „Si enim
969 2943 2881 3012 regi placuerit“, inquit „eam filio imperatoris Constantinopolitani poterit tradere in
967 2998 2881 3060 uxorem; sane apud imperatorem regnum et consanguinei puellae aerarium indeficiens
967 3051 2878 3111 semper invenient“. (Epistolam anno 1171 ascribit Giesebrecht in Forsch. z. d. Gesch.
969 3107 2878 3173 XXI. 632 et Prutz Friedrich I. T. II. 189, anno 1172 Reuter III. 206; cf. infra ep. 11894.)
969 3160 2878 3221 Martene Coll. II. 889, Bouquet Rec. XV. 901, Migne 200 p. 783. — „Suggestum est nobis“.
919 3215 2878 3277 11884 „Libertatem sepulturae in monasterio S. Apollinaris novo confirmat“. Ex cod.
364 3162 574 3283 Mart. 2.
974 3272 1833 3330 Vatic. 7927. Dedit b. m. Bethmann.
916 3310 2881 3385 11885 S. Georgii, Neuburgensis et Bergensis parthenonum possessiones alienari vel
397 3308 576 3409 „ 6.
707 3241 802 3407 „
969 3380 2878 3442 monachas ibi recipi sine Liutoldi, abbatis Admontensis, licentia vetat. Wichner
969 3427 2589 3502 Admont. I. 305, Zahn Urk. v. Steiermark I. 512. — „Viris religiosis“.
916 3484 2876 3590 11886 (8015) Meinricum) ducem Austriae, miratar A(Selberto) archiepiscopo Sale-
395 3480 583 3615 „ 14.
711 3484 773 3606 „
1144 183 2070 276 ALEXANDER III. 1159—1181.
