3007 3975
651 320 2565 410 1171. (Ind. 4. — 25. Sept. — 5, pont. a. 12. — 20. Sept. — 13, 1170. — 25. Mart. — 1171.)
731 401 2649 468 burgensi, auxilium contra adversarios non ferre. Quem ut defendat, monet. (Clau-
731 465 2653 530 sulam ex cod. Vatic. 9500 praebet Pflugk-Harttung Iter p. 137. De tempore cf. supra
735 523 2651 583 ep. 11875.) Fischer Merkw. Schicks. v. Klosterneuburg II. 150. — „Cum ecclesia
733 567 1084 640 Salzburgensis“.
384 618 620 700 Tusculani
678 616 2651 689 Henrici Anglorum regis legatos recipit „in quinta feria maioris hebdomadae“. Bosonis
134 622 346 704 Mart. 25.
731 677 2651 746 card. Vita Alex. ap. Watterich II. 418. Cf. epistolam clericorum in Gestis Henrici
729 735 2649 799 (olim Benedicto Petroburg. tributis) 1171 ed. Stubbs I. 20: „quinta feria ante pascha“.
684 795 2651 856 11887 (7949) Ecclesiae Cephaloediensis, ubi sedem episcopalem instituit, possessiones
132 786 342 881 Apr. 9.
463 812 558 914 „
733 841 2651 918 iuraque, petente Bosone episcopo, confirmat. Pirri Sic. sacr. II. 801, Migne 200
729 903 1394 962 p. 723. — „Quoniam sicut“.
680 956 2649 1024 11888 Monasterii S. Vincentii Laudunensis protectionem suscipit, bonaque et privilegia
167 956 344 1040 „ 16.
459 967 567 1040 „
729 1009 2651 1079 confirmat, petente Galtero abbate. (Librarii vitio pro „Tusculani“ positum esse
731 1064 2649 1139 „Anagniae“ puto.) In bibl. nat. Paris. Coll. Grenier t. 267. f. 240. — „Religiosam
731 1126 1166 1188 vitam eligentibus“.
678 1168 2646 1241 11889 (7950) (Stephano), archiepiscopo Bituricensi, et (Bernardo), episcopo Nivernensi,
165 1161 344 1263 „ 24.
448 1154 565 1302 „
731 1232 2651 1296 mandat, „si infra mensem de adventu legatorum suorum (quos pro cognoscenda atro-
729 1287 2646 1349 citate illius facinoris et reconciliatione regis disposuerit transmittere) iis non innotu-
731 1347 2649 1404 erit“, ut (Gilbertum) Londinensem et (Iocelinum) Sarisberiensem episcopos „excom-
729 1393 2642 1457 municationis vinculo absolvant, sententia suspensionis in suo robore permanente“.
729 1457 2644 1514 Gesta Henrici (olim Benedicto Petroburg. tributa) 1171 ed. Stubbs I. 21, Roger. de
729 1508 2642 1574 Hoveden 1171 ap. Savile R. A. SS. p. 302, ed. Stubbs II. 32, Gilberti Foliot epist. II. 59,
729 1556 2642 1620 Wiikins Conc. I. 473, Mansi XXI. 905, Migne 200 p. 725. — „Fraternitati vestrae non“.
678 1614 2644 1680 11890 (7951) Iocelino, episcopo Sarisberiensi, concedit, petentibus Reginaldo archidiacono
446 1612 563 1737 („)
141 1583 247 1696 („)
726 1676 2642 1740 et Willelmo Siciliae rege ac Mathilda regina, matre eius, „consideratione quoque et
731 1731 2644 1788 amore carissimi in Christo filii sui Anglorum regis Henrici“, ut ad sese veniendi
726 1782 2644 1846 labore supersedeat. Praecipit, ut legatos mittat, qui eum „super his, quae ei obiecta
729 1832 2644 1903 sint de s. recordationis Thoma, quondam Cantuariensi archiepiscopo, et unde suspensus
726 1896 2642 1958 et excommunicatus fuerit, excusare debeant“. (Clausula: „Datum Beneventi III. cal.
729 1941 2642 2009 Apr.“, est sine dubio mendosa.) Epist. S. Thomae ed. Giles II. 104, Migne 200
724 2000 1471 2071 p. 726. — „Licet in proposito“.
678 2051 2642 2137 11891 (7952) lo(scio), archiepiscopo Turonensi, eiusque suffraganeis praecipit, ut inter-
125 2018 346 2135 Mai. 14.
452 2036 556 2177 „
729 2120 2642 2181 dictum, in cismarinam regis Anglorum terram a Willelmo, archiepiscopo Senonensi,
724 2173 2642 2230 apostolicae sedis legato, „pro pace sanctae memoriae Thomae Cantuariensis archi-
724 2226 2638 2294 episcopi“ constitutum, observent. Martene Thes. I. 569, Bouquet Rec. XVI. 479,
724 2274 1769 2347 Migne 200 p. 727. — „In apostolicae sedis“.
676 2318 2640 2396 11892 (7953) Monasterium Aquistrense tuendum suscipit et eius bona iuraque con-
156 2327 342 2409 „ 15.
459 2351 552 2460 „
722 2382 2633 2453 firmat, petente Mainardo abbate. Gall. Chr. II. Instr. p. 310, Migne 200 p. 727. —
726 2444 1418 2510 „Religiosis desideriis dignum“.
676 2484 2640 2557 11893 Monasterii Bonae-spei possessiones et privilegia confirmat, petente Philippo
154 2455 340 2568 „ 21.
457 2475 550 2630 „
722 2548 2638 2614 abbate. Maghe Chronicum eccl. Bonae-spei p. 100 teste Wauters Table chronol. II. 519.
128 2599 340 2683 lun. 1.
676 2608 2635 2676 11894 (7954) Henricum, archiepiscopum Remensem, reprehendit, quod „de colloquio,
450 2601 556 2733 „
724 2665 2635 2725 quod nuper Ludovicus, Francorum rex, cum F(riderico), dicto imperatore, habuisse
724 2722 2638 2782 dignoscatur, per eum nihil certitudinis significatum fuisset“. Mandat, ut „secundum
724 2775 2635 2833 ea, quae (Matthaeus) Trecensis episcopus et (Guarinus) Pontiniacensis abbas ei signi-
724 2820 2635 2890 ficaverint, apud regem diligens studium et operam adhibeat efficacem, et quidquid
722 2875 2633 2948 exinde invenerit, per fidelem et discretam personam sollicitudini suae studeat intimare,
722 2930 2633 3001 quoniam non sint omnia litteris committenda“. (Epistolam hanc, uti supra ep. 11883,
726 2996 2635 3060 a. 1172 ascribit Reuter III. 206.) Martene Coll. II. 936, Bouquet Rec. XV. 919,
729 3051 1732 3113 Migne 200 p. 729. — „Cum recolimus et“.
676 3096 2638 3162 11895 (7955) Suffraganeis ecclesiae Tarraconensis episcopis dolorem de nece Hugonis
154 3087 340 3173 „ 19.
455 3091 554 3224 „
722 3153 2635 3217 archiepiscopi suum significat. Auctores caedis gaudet a rege Aragonensi expulsos e
722 3210 2633 3270 regno esse; sed matrem quoque illorum „cum viro, filiis, et nepotibus“ eiici in ex-
722 3257 2633 3325 silium vult. Mandat, ut novo episcopo constituendo operam dent. Marca Marca Hisp.
724 3312 2633 3385 p. 1355, Aguirre Conc. V. 87, Mansi XXI. 1068, Migne 200 p. 730. — „Audita morte“.
678 3372 2635 3436 11896 Alfano, archiepiscopo Capuano, in perpetuum subiicit parthenonem S. Mariae
154 3358 340 3511 „ 19.
437 3374 556 3513 „
722 3427 2633 3498 Capuanum, cuius abbatissam, nomine Mathiam (?), scribit falsis Zachariae Leonis-
724 3475 2626 3595 que paparum bullis probare libertatem suam tentasse. lanneli Chiesa di Capus
2262 3535 2359 3639 81*
914 165 1847 265 ALEXANDER III. 1159—1181.
2549 185 2644 271 243
