3007 3975
625 318 1937 401 1161. (Ind. 9. — 25. Sept. — 10, pont. a. 2. — 4. Oct. — 3.)
103 382 320 527 Int. 35.
388 366 578 474 Landae
658 384 2622 474 14453 (9387) Episcopis Trevirensis ecclesiae suffraganeis, et abbatibus, praepositis, archi-
711 452 2622 521 diaconis, decanis et universo clero infra Trevirensem provinciam constituto nunciat,
709 514 2624 583 Hillinum archiepiscopum legatum apostolicae sedis per universam Treyirensem pro-
711 569 2622 636 vinciam proditum esse. Günther Cod. dipl. Rh. Mos. I. 368, Beyer M. U. I. 684.
709 627 1330 691 — „Ad matrem et caput“.
139 669 322 744 „ 25.
430 673 523 810 „
660 660 2624 742 14454 (9388) Hillini, archiepiscopi Trevirensis, privilegia et bona confirmat. Beyer M.
709 726 1504 801 U. I. 685. — „In eminenti sedis“.
136 790 318 861 „ 25.
441 799 539 861 „
660 775 2626 850 14455 (9389) Hillino, archiepiscopo Trevirensi, eiusque ecclesiae asserit castrum de
711 832 2626 905 Nassov, a capitulo Wormatiensi pro mansis 19 in villa Parthenheim traditum. Günther
707 894 2368 954 Cod. dipl. Rhen. Mos. I. 366, Beyer MI. U. I. 687. — „Que a personis“.
139 929 322 1029 „ 25.
452 951 521 1018 „
660 949 2626 1015 14456 (9390) Hillino, archiepiscopo Trevirensi, abbatiam S. Maximini asserit, pacemque
711 1011 2624 1066 conciliatam inter praedecessorem eius et Henricum comitem Namurcensem confirmat.
711 1053 2624 1119 Wüirdtwein Nova subs. dipl. IX. 204, Beyer M. U. I. 686. — „In eminenti sedis“.
79 1101 616 1194 c. Sept. 29. ap. Regium
656 1110 2626 1190 Vide Epist. B(urchardi notarii) Coloniensis ap. Sudendorf Registrum II. 134: „festo b.
707 1166 1290 1243 Michaelis . . . . neglecto“.
625 1272 857 1366 c. 1161.
649 1325 2624 1417 1445? -Radulpho (abbati?). Waldemari Danorum regis „seribaer et legato, „in re di-
707 1415 2624 1475 vina agenda anuli usum indulget“. Saxonis Grammatici Gesta Danorum ed. Müller
704 1459 1325 1528 p. 774, ed. Holder p. 533.
651 1508 2629 1590 Bernhardum (diaconum cardinalem SS. Sergii et Bacchi) in Daniam legatum mittit.
704 1583 2425 1676 Saxomis Grammatici Gesta Danorum ed. Muller p. 775. ed. Holder p. 534.
620 1665 1988 1779 1162. (Ind. 10. — 80. Sept. — 11., pont. a. 3. — 4. Oct. — 4.)
103 1762 592 1903 fan. 15. Cremonae
651 1755 2629 1837 14458 (9391) Abbatissae Verga-villensis protectionem suscipit, bonaque ac privilegia
707 1830 2629 1894 confirmat. (Bulla haec Victori III. perperam ascribitur). Calmet Hist. de Lorr. I.
702 1877 1648 1945 Pr. p. 483. — „Novit apostolicae sedis“.
97 1930 320 2014 Febr 11.
448 1934 528 2018 „
651 1938 2631 2007 14459 (9392) L(udovico), Francorum regi, iam pluribus litteris ad suscipiendam causam
704 1998 2629 2055 suam invitato, haec scribit: „dedisses iam diu, sicut vere putamus, precibus nostris
707 2055 2626 2108 effectum, nisi pravi homines tuam rectissimam animam a sanctis consiliis avertissent“.
704 2108 2626 2166 St., legatum suum, commendat, qui quae promiserit, ea se facturum „et pro antiqua
704 2161 2626 2221 dilectione et pro consunguinitate, quae per dilectissimam sibi uxorem eius inter sese
709 2217 2626 2279 nuper contracta feliciter existat“. Duchesne Hist. Fr. SS. IV. 583, Bouquet Rec.
711 2267 2626 2332 XVI. 25, Mansi XXI. 977, (Würdtwein Nova subs. dipl. IX. 48). — „Deus omni-
707 2325 1559 2385 potens, qui“ („De negotio ecclesiae“).
99 2367 247 2444 Mart.
450 2369 519 2449 „
660 2367 2339 2438 Vide epist. Eberhardi archiep. Salzburg. ap. Tengnagel Vet. mon. p. 406.
101 2424 318 2499 Apr. 5.
439 2422 530 2557 „
656 2424 2626 2493 14460 (9393) Compositionem inter Erphonem, abbatem S. Petri Neovillarensis, et Phi-
704 2491 2626 2546 lippum, dispensatorem ecclesiae S. Adelphi, factam confirmat. Würdtmein Nova subs.
707 2537 2262 2601 dipl. IX. 374, Schoepflin Als. dipl. I. 250. — „Officii nostri decet“.
139 2585 322 2667 „ 23.
439 2590 536 2725 „
656 2588 2629 2661 14461 (9394) G(eroni), episcopo Halberstadensi, concedit, ut canonici eius dalmaticis
709 2652 2624 2714 induti sacra procurent, abbatesque T(ietherus) IIsenburgensis et R(udolfus) Wimode-
709 2709 2626 2775 burgensis mitris utantur. Pflugk-Harttung Acta I. 288, Schmidt Urk. des Hochst.
704 2764 1776 2820 Halberst. I. 224. — „Novit apostolicae sedis“.
139 2804 320 2881 „ 25.
450 2828 525 2886 „
658 2806 2626 2877 14462 (9395) Monachis Vlierbacensibus praecipit, ut „infra XXX. dies“ abbatem sibi
709 2864 2624 2937 praeficiant. (Videtur pro: „VII. Maii“ legendum esse: „VII. kal. Mai.“) Miraei Opp.
704 2921 1639 2994 dipl. II. 829. — „Ad apostolicae sedis“.
435 2917 545 3098 („)
658 2976 2626 3045 14463 (9396) Abbati Affligemensi significat, se fratres Vlierbacenses „ab omni, quem
713 3043 2626 3102 ad eum habuerint, respectu absolvere, ut ovile“, inquit „quod vestra cum ovibus
713 3087 2626 3153 dispersit rapacitas, alterius pro eorum libertate pastoris infra XL. dies electi
713 3149 2626 3215 reparet et conservet pietas“. Miraei Opp. dipl. II. 828. — „Ratio vestrae reli-
711 3202 899 3263 gionis“.
106 3237 329 3321 lun. 16.
452 3261 539 3319 „
662 3246 2626 3316 14464 (9397) Parthenonis Ersteinensis protectionem suscipit. Würdtwein Nova subs.
713 3308 1716 3365 dipl. IX. 378. — „Novit apostolicae sedis“.
148 3352 331 3482 „ 80.
435 3352 545 3478 „
665 3367 2626 3422 14465 *Conrado, abbati Corbeiensi, eiusque successoribus monasterium Werbense sub-
715 3420 2626 3489 iicit, ea lege, ut „duos aureos inde singulis annis sibi suisque successoribus persol-
718 3473 2375 3577 vant“. Wilmans Additamenta p. 46. n. 50. — („SSacrosancta Romana“).
618 156 2063 256 VICTOR IV. (OCTAVIANUS) antipapa. 1159—1164.
2496 170 2624 273 423
