3007 3975
623 287 1966 386 1162. (Ind. 10. — 25. Sept. — 11, pont. a. 3. — 4. Oct. — 4.)
707 359 2620 437 Martene et Dur. Vet. Script. I. 865, Wigand Archiv III. rr. 4, Wilmans Addita-
704 426 2176 490 menta p. 46, Jaffé Bibl. I. 603. — Praedecessorum nostrorum“.
375 477 581 549 Bisuntii
653 479 2622 549 14473 Monasterii S. Mariae Romersdorfensis tutelam suscipit, bonaque et iura confir-
95 472 320 563 Sept. 11.
704 534 2622 602 mat, petente Rodulfo abbate. Beyer M. U. I. 692, Wegeler Die Praemonstr.-Abt.
707 591 1992 655 Rommersdorf, Append. p. 3. — „Quociens ea petuntur“.
346 631 603 713 ap. Faver-
651 649 2622 711 14474 Monasterium S. Petri Balmense tuendum suscipit et „ab omni obedientia et
134 629 315 730 „ 26.
382 702 570 781 niacum
704 706 2622 766 subiectione Cluniacensis ecclesiae absolvit“. Possessiones eius confirmat, petente Hu-
704 755 2618 825 gone abbate. Monnier Recherches hist. sur Beaume-les-Messieurs, ms. saec. XIX.,
704 810 2622 881 nouv. acquis. frano. 1039, Copia s. XVIII. in Coll. Moreau t. 71. f. 105, in bibl.
702 874 1497 927 nat. Paris. — „Officii nostri nos“.
656 909 2622 989 14475 (9403) Monasterii Bonifagetensis protectionem suscipit, possessionesque confirmat,
95 898 318 1004 Oct. 8.
402 901 550 995 Tulli
704 973 2618 1046 petente Ascelino abbate. Hugo O. P. A. I. Pr. p. 309. — „Desiderium, quod ad“.
653 1029 2620 1099 14476 Agnete, abbatissa S. Glodesindis Metensis, petente praeposituram S. Theobaldi
132 1018 315 1108 „ 27.
395 1018 558 1108 Metis
702 1093 2620 1154 tuendam suscipit eiusque possessiones ac sororum S. Glodesindis in praeposituram
702 1146 2620 1212 iura confirmat. Hist. de Metz III. Preuves p. 128. (In Gall. Chr. XIII. 930 bulla
702 1205 2441 1258 data legitur „XVI. kal. Nov.“ i. e. 17. Oct.). — „Ad hoc, auctore domino“.
364 1247 581 1331 Treveris
647 1252 2622 1316 Synodum „in festo omnium sanctorum cum multis episcopis et religiosis personis ce-
92 1232 311 1333 Nov. 1.
700 1309 2620 1371 lebrat“. Annal. Palidenses 1162 in MG. SS. XVI. 92. Quo in concilio „cum episcopis
702 1360 2620 1431 Teutonicis et Italicis sibi adhaerentibus Rolandum et eius sequaces anathematizat“.
698 1415 1743 1479 Sigeb. cont. Aquicinct. 1162 ibidem VI. 409.
649 1464 2618 1552 14477 (9404) Universas ecclesias per Babenbergensem episcopatum constitutas hortatur,
125 1466 311 1545 „ 4.
433 1472 517 1548 „
698 1523 2615 1603 ut sibi aere alieno laboranti „factis collationibus“ subveniant. Jaffé Bibl. V. 533. —
698 1587 1115 1658 „Mater et caput“.
618 1649 972 1746 1160—1163.
362 1733 583 1821 Vercellis
647 1740 2615 1815 14478 (9406) Arducio, episcopo Genevensi, significat, se A(medeo) comiti praecepisse,
92 1737 311 1817 Apr. 1.
700 1810 2622 1874 ut ablata ecclesiae Genevensi restitueret iniuriisque in eam abstineret. Spon Hist.
698 1866 1816 1936 de Gen. II. 22. — „Quoniam sedis apostolicae“.
620 1930 952 2011 1161—1163.
344 1998 592 2104 Cremonae
90 2009 313 2117 Iun. 13.
649 2014 2620 2095 14479 H(erberto) archiepiscopo et capitulo S. Iohannis Vesontionensi significat, sese
700 2084 2618 2146 ad eorum petitionem P(etro) abbati S. Vincentii usum mitrae et anuli concessisse.
695 2131 2165 2208 Gall. Christ. XV. Instr. p. 40. — „Consuevit apostolicae sedis“.
620 2219 1935 2294 1163. (Ind. 11. — 25. Sept. — 12, pont. a. 4. — 4. Oct. — 5.)
335 2272 600 2378 Cremonam
645 2283 2622 2362 se confert post disturbatum colloquium Vesontionense (rectius: Laonense), ut tradit
700 2356 1646 2411 Acerbus Morena in MG. SS. XVIII. 640.
344 2400 598 2482 Cremonae
647 2407 2622 2471 14480 Monasterii S. Martini Glandariensis protectionem suscipit, possessionesque con-
698 2457 2622 2528 firmat, petente Folmaro abbate. (Notae temporis hae sunt: „Ind. 11, inc. a. 1163,
700 2513 2622 2590 p. a. 4“. Testium nomina male desripta sunt, de fide vero bullae non est dubitan-
698 2568 2620 2636 dum). In bibl. nat. Paris. Cartul. S. Mart. s. XIV. ms. lat. 10030. f. 2, Coll. Mo-
695 2625 1858 2696 reau 72. f. 51. — „Apostolicae sedis consuetudo“.
647 2672 2620 2756 venit „die sabbati, quae fuit secunda dies mensis Novembris“. Acerbi Morenae Contin.
92 2658 315 2769 Nov. 2.
362 2665 581 2769 Landam
698 2731 1261 2797 in MG. SS. XVIII. 642.
368 2780 565 2866 Laudae
645 2780 2624 2859 „proximo die lunae apostolicus et imperator et (Udalricus) patriarcha Aquileiensis et
134 2795 311 2879 „ 4.
698 2850 2620 2910 (Hugo) abbas Cluniacensis cum aliis quibusdam episcopis et archiepiscopis extra ecclesiam
698 2906 2622 2965 maiorem de Laude-veteri corpus b. Bassiani suis humeris portant; et ab aliis deinde
698 2950 2527 3016 ad Novum-Laude transvehitur“. Acerbi Morenae Cont. in MG. SS. XVIII. 642.
645 3012 2624 3071 (Paviae hoc anno mense Novembri aut Decembri Victorem a Conrado archiepiscopo
704 3067 2622 3127 Moguntino receptum esse, ex Helmoldi Chron. Slav. L. I. c. 90 contendit Böhmer-
704 3118 2622 3184 Will Reg. arch. Mog. II. 5. n. 29; Helmoldi vero verba non huc pertinere, sed ad
698 3182 2264 3250 annum 1160, iam recte annotavit Lappenberg in MG. SS. XXI. 82.
616 3241 963 3339 1159— 1164.
651 3323 2622 3403 14481 Archiepiscopis, episcopis, abbatibus, praepositis et omni clero, ducibus, marchi-
702 3403 2620 3456 onibus, comitibus, egregiae ac strenuissimae militiae et universo populo in regno Teu-
702 3447 2618 3566 tonico constiruto scribit, et ecclesiae et fmperit negoriis prospicere et malorum pravi-
128 3493 702 3590 Regesta Pont. Roman. Ed. ssc. II.
2324 3513 2403 3632 54
614 132 2061 238 VICTOR IV. (OCTAVIANUS) antipapa. 1159—1164.
2494 145 2626 231 425
