3007 3975
285 156 408 238 764
835 293 1193 384 1160— 1176.
304 351 532 461 Apr. 27.
565 342 802 452 Anagniae
870 357 2832 450 12557a Monasterio Ramesiensi confirmat ecclesias quasdam, nundinas apud S. Ivonem,
921 435 2834 505 libertates et immunitates a regibus Angliae indultas, cet. Hart and Lyons Cart. de
916 481 2096 547 Rameseia II. 147. — „Iustis petentium desideriis“.
307 536 528 647 Iun. 1.
620 552 748 653 „
868 538 2836 605 12578a Archidiaconis, in quorum archidiaconatibus ecclesiae monasterii Ramesiensis
916 607 2836 662 consistunt, prohibet, ne „sub praetextu alicuius consuetudinis vel palliationis“ pecu-
919 647 2832 719 niam ab eis exigant. Addit haec: „Cum autem collectas denariorum b. Petri per
916 702 2832 775 archidiaconatus vestros feceritis, in collectione facienda praedictas ecclesias vel paro-
919 770 2832 830 chias gravare nullatenus praesumatis, aliter sive magis quam praedecessores vestri
916 812 2830 889 tempore .. . Innocentii et Eugenii . . . fecisse noscuntur“. (Nota papam Hadrianum,
919 881 2830 956 natione Anglicum, non nominari.) Hart and Lyons Cartul. de Rameseia II. 152. —
919 934 1478 1002 „Ea quae de avaritiae“.
832 1009 1186 1110 1174 — 1176.
311 1053 534 1203 Iai. 21.
567 1090 804 1205 Anagniae
868 1099 2832 1188 12676a (12615 nostrae ed.) Exoniensi et Wigorniensi episcopis negotium dat, ut Nata-
919 1177 2834 1243 naeli militi super capella de Livelande, si ipsum nihil iuris in ea habere constiterit,
916 1236 2834 1296 silentium imponant, deinde vero inter fratres S. Bertini Sithienses et Richardum
919 1294 2839 1347 archiepiscopum Cantuariensem, apost. sedis legatum, diiudicent, cum utraque pars
921 1342 2836 1408 possessionem ipsius capellae sibi vindicet. Haigneré Les chartes de St.-Bertin I. 125:
921 1389 1986 1479 „VI. kal. Aug.“ — „Ad audientiam nostram“.
835 1475 1005 1590 1176.
313 1559 536 1687 Nart. 25.
574 1559 806 1696 Anaeniae
872 1565 2839 1649 12690a Ecclesiae S. Saturnini Tolosanae, rogatu Pontii abbatis, tutelam suscipit, bona-
925 1636 2836 1707 que et privilegia confirmat, imposito fratribus decem solidorum Pictaviensis monetae
927 1704 2836 1766 veteris censu annuo. Douais Cartul. de St.-Sernin de Toulouse p. 487. — „Apo-
921 1749 1657 1813 stolici moderaminis clementiae“.
351 1802 532 1905 „ 30.
642 1830 742 1914 „
874 1795 2839 1872 12690ß T. (lege: Richardi?) archiepiscopi Cantuariensis, apost. sedis legati, studium
923 1857 2841 1927 erga Romanam ecclesiam laudat. Mandat, ut falsarium Adam omni ecclesiastico
927 1919 2839 1985 officio et beneficio privet, et „si in terram redierit (sc. Adam), eum capere studeat
925 1976 2836 2033 et in arcto monasterio retrudat, et ibidem faciat perpetuis temporibus remanendum“.
925 2025 2832 2095 Robertson Materials for Thomas Becket V. 34: „Dat. (An)agn(iae) III. kal. Apr.“
927 2086 2841 2148 (Hisce annis 1160. 1161. 1173. 1174. 1176 papa mense Martio Anagniae moratus
927 2142 2839 2203 est. Sed anni 1160 et 1161 abiiciendi sunt, cum demum mense Maio 1162 Thomas
925 2195 2841 2252 archiepiscopus factus sit; neque vero annorum 1173—1176 habenda est ratio, quia
932 2245 2839 2312 Thomas anno 1170 mense Dec. occisus est. Si vero de anno 1170, quo papa per
930 2305 2836 2371 paucos dies mensis Octobris Anagniae fuit, cogitare velimus, notam diei „III. kal.
930 2354 2839 2424 Apr.“ mutare cogimur. Sed hanc mutationem commendare omnino nequeo, cum
925 2407 2839 2477 litterae videantur directae praelato in plenitutine officii consistenti, id quod de Thoma
927 2468 2836 2535 archiepiscopo anno 1170 dici minime potest. Quam ob rem Robertson I. I. suadet,
930 2519 2839 2588 ut pro T. legamus R., epistolamque Richardo archiepiscopo, successori Thomae, qui
930 2581 2839 2643 anno 1174 mense Aprili consecrationem accepit, missam censeamus. Ceterum errat
930 2634 2839 2703 Robertson, ut ipse in corrigendis fatetur, Materials VI. p. XVI, Jafféum hanc epi-
927 2680 2836 2753 stolam a. 1165 — 69 ascribere; ap. Jafféum frustra eam requiris; et epistolam iisdem
930 2749 2839 2806 verbis incipiens, supra 11436, ad aliud prorsus negotium pertinere vides. Falso
930 2802 2836 2866 praeterea indicat Robertson I. l. in lemmate epistolae, eam in S. Thomae Epp. ed.
925 2855 2839 2923 Giles Nr. 344 exstare; neque enim in editione Gilesiana reperitur.) — „Curam et
927 2908 1285 2974 sollicitudinem“.
318 2941 541 3034 lun. 2.
642 2903 746 3038 „
879 2948 2839 3032 12713a Romano episcopo Gurcensi fines episcopatus ac vicariatum ecclesiae Salz-
930 3021 2836 3082 burgensis confirmat. (Verbotenus fere concordat cum ep. 12154.) Autogr. in tab.
930 3069 2255 3142 Klagenfurtensi. Misit R. Thommen. — „Fratres nostros“.
315 3120 541 3215 Sept. 16.
649 3131 746 3215 „
881 3124 2839 3199 12734a Parthenonis S. Aviti Castrodunensis tutelam suscipit bonaque et privilegia
930 3180 2836 3248 confirmat, petente Hildeardi abbatissa. (Notae temporis sunt corruptae.) Bourdas
932 3237 2330 3301 Hist. somm. du Dunois II. 270. — „Prudentibus virginibus“.
318 3286 545 3416 Ocd. 17.
603 3228 760 3513 „
879 3290 2836 3354 12736a Petente Rainone, tutore filiorum Petri Fraiapanis, eorundem novercae Mariae
932 3354 2839 3411 solvit 130 libras Proveniensium, quas ex conventione cum Petro de 500 libris facta
934 3407 2836 3478 adhuc debebat. (Scripsit hanc cartam Ildicius iudex „Anagninus“.) Studi e dooum.
930 3458 1559 3559 di storia e diritto III. 44.
1212 143 1915 245 Supplementum regestorum.
