3007 3975
642 293 1584 382 1144. (Ind. 7. — 1. Sept. — 8, pont. a. 1.)
119 353 344 454 Mart. 21.
382 362 603 450 Laterani
669 368 2642 441 8536 (6038) Monasterium Admontense tuendum suscipit eiusque bona confirmat, petente
724 439 2642 496 Gotefrido abbate. Pez Th. An. III. III. 663, Wichner Admont p. 251, Zahn Urk.
726 483 2138 547 v. Steiermark I. 225, Migne 179 p. 837. — „Cum omnibus“.
154 530 342 616 „ 21.
461 527 550 671 „
673 538 2644 607 8537 Humberto, archiepiscopo Vesontionensi, et Godefrido, episcopo Lingonensi, mandat
724 607 2644 660 ut excommunicationis sententiam, in I. de . . . . (Iohannem de Burbona), qui Martin-
729 653 2644 715 villam monasterio Romaricensi abstulerit, promulgatam innovent, donec de illatis in-
722 713 2644 775 iuriis satisfecerit. Annales de la soc. des Vosges XII. Cahier II. 264. — „Pervenit
720 764 932 830 ad nos“.
154 812 340 898 „ 22.
450 832 554 938 „
671 803 2649 878 8538 (6039) Parthenonem Romaricensem, rogatu Iudith abbatissae, tuendum suscipit
726 876 2646 942 privilegiisque auget, ac bona eius confirmat, ea lege, ut quarto quoque anno sorores
729 925 2646 993 „cum rustrolino pallio equum candidum“ pontifici Romano persolvant. Gall. Chr.
729 982 2644 1055 XIII. Instr. p. 499, Migne 179 p. 839, GGuinot L'abbaye de Remiremont p. 399). —
729 1033 1197 1099 „Licet ex iniuncto“.
156 1095 340 1166 „ 22.
452 1090 561 1166 „
673 1093 2649 1159 8539 Inter Iuditham abbatissam sororesque Romaricenses et Matthaeum Lotharingiae
726 1152 2649 1212 ducem compositionem, in praesentia Conradi, Romanorum regis multorumque epi-
729 1205 2649 1267 scoporum et principum Metis factam, approbat. Annales de la soc. des Vosges
726 1260 1860 1327 XII. Cahier II. 261. — „Quoties in quibusdam“.
154 1285 342 1380 „ 22.
444 1305 561 1386 „
678 1309 2651 1378 8540 (6040) A(lberoni) Treverensi, Hu(mberto) Vesontionensi archiepiscopis, S(tephano)
731 1371 2653 1433 Metensi, Hen(rico) Tullensi, A(lberoni) Virdunensi, G(odefrido) Lingonensi episcopis
729 1426 2651 1484 et abbatibus de Bellocampo et de Belloprato mandat, „ut ad b. Deodati ecclesiam
729 1479 2653 1541 II. non. Iunii conveniant, et si Matheus, dux Lotharingiae, pacem et concordiam,
729 1539 2651 1601 quae inter ipsum et Romaricensem ecclesiam per manum Conradi, Romanorum regis,
731 1590 2655 1651 facta est, se observaturum firmiter promiserit, et de damnis eidem ecclesiae illatis
731 1647 2653 1707 satisfecerit, et ipsum ab excommunicationis sententia et terram suam interdicto ab-
731 1704 2653 1766 solvant“. (Correxi ex autographo in bibl. nat. Paris. Chartes de Remiremont n. 21),
729 1749 2529 1824 Gravier Hist. de St. Dié p. 348, Migne 179 p. 841. — „Praedecessor noster“.
159 1786 344 1868 „ 22.
459 1784 567 1877 „
678 1815 2655 1872 8541 (6041) (Gervasio) abbati S. Germani Altissiodorensi praecipit, restituat Pontio
733 1861 2655 1930 abbati Vizeliacensi et „textum evangeliorum“ et fideiussores, pro liberatione captorum
731 1914 2653 1985 monasterii hominum acceptos. D'Achery Spicil. II. 506, Bouquet Rec. XV. 411,
733 1978 2653 2036 Quantin Cart. gén. I. 380, Mansi XXI. 613, Migne 179 p. 842. — „Dilectus filius noster“.
163 2018 344 2106 „ 22.
461 2027 565 2106 „
678 2022 2651 2095 8542 G(isleberto) episcopo Pictaviensi mandat, commoneat canonicos S. Radegundis,
733 2084 2655 2146 ut ecclesiae S. Crucis „in presbyteri, diaconi seu subdiaconi administratione debitum
735 2146 2655 2201 servitium exhibeant“. In bibl. nat. Paris. ms. lat. 18380. (Dom Fonteneau V.) f. 381.
735 2190 1296 2259 — „Ex iniuncto nobis“.
170 2234 355 2336 „ 22.
463 2243 563 2338 „
678 2241 2657 2309 8543 Priorem et fratres S. Radegundis Pictavienses de superiore epistola certiores reddit.
733 2305 2019 2371 In bibl. nat. Paris. I. I. f. 382. — „Meminisse debetis“.
176 2351 218 2429 „
477 2347 552 2426 „
682 2360 2657 2422 8544 Monasterii S. Mariae Coronensis tutelam suscipit, possessionesque et privilegia
733 2413 2651 2479 confirmat, petente Helia abbate. Castaigne L'abbaye de la Couronne p. 119. —
735 2462 1420 2528 „Venerabilium locorum cura“.
145 2504 249 2643 („)
466 2513 583 2588 („)
678 2515 2657 2583 8545 Concordiam inter monasterium S. Mariae Coronense et ecclesiam Fontis Ebraldi
735 2579 2653 2643 super loco Agudelle factam confirmat. Archives hist. de la Saintonge VII. 34. —
742 2641 1170 2696 „Que a fratribus“.
170 2683 353 2760 „ 25.
470 2674 576 2760 „
684 2680 2662 2756 8546 *Gregorio, archiepiscopo Tarraconensi, pallium tribuit. In bibl. nat. Paris. Coll.
737 2742 1221 2804 Baluxe 238. f. 1729.
172 2797 357 2870 „ 25.
457 2791 578 2877 „
684 2791 2657 2859 8547 Ecclesiae Tarraconensis episcopis suffraganeis scribit, sese metropoli eorum, longum
740 2855 2662 2919 iam tempus pastore destitutae, G(regorium) archiepiscopum praefecisse suisque manibus
740 2910 2660 2970 consecrasse; cui ut obediant, hortatur. Mandat, moneant populum, ut pro ecclesia
740 2956 2660 3023 eius reaedificanda elemosynas det ac „defensioni Christianitatis“ operam navet.
742 3021 1931 3076 Loewenfeld Epistolae p. 95. — „Metropolis vestra“.
174 3060 357 3146 „ 28.
461 3074 574 3138 „
689 3062 2662 3133 8548 Hugoni archiepiscopo Senonensi et G(aufrido) episcopo Carnotensi mandat, defen-
742 3127 2662 3186 dant bona monasterii S. Germani de Pratis-Parisiensis. Addit de ecclesia S. Mariae
742 3184 2664 3248 de Augmento et de ecclesia montis Calvuli. Ex chartular. S. Germani de Pratis
744 3237 2660 3299 (Cartulaire des trois croix) s. XII. LL. 1024. f. 4 in tabular. nat. Paris. Misit
746 3286 1349 3352 Delisle. — „Ad vestrum“.
176 3323 362 3416 „ 28.
472 3343 574 3414 „
687 3332 2662 3407 8549 Monasterii S. Germani de Pratis Parisiensis protectionem suscipit, possessionesque
746 3407 2660 3486 et privilegia confirmat, petente Hugone abbate. Autogr. in tab. nat. Paris. L. 227.
748 3460 1478 3551 m. 1. — „Religiosis desideriis“.
172 3486 740 3606 Ragresa pont. Ranan. c4 ee. I1.
994 147 1745 238 LCCIUS II. 1144—1145.
2587 154 2635 242 9
