3007 3975
658 318 2167 397 1145. (Ind. 8. — 1. Sept. — 9, pont. a. 1, 1111. — 25. Mart. — 1145.)
134 364 349 470 Apr. 24.
417 368 607 481 Viterbii
687 395 2660 461 8738 (6140) Monasterium S. Salvatoris Papiense tuendum suscipit, et eius bona ac
740 452 2657 518 iura confirmat, petente Oberto abbate. Margarini Bull. Cas. II. 162, Migne 180
742 512 2657 580 p. 1026: „VIII. kal. Maii“, (Cop. s. XII. in Arch. reg. Mediol.: „X. kal. Maii“. Ex.
737 558 1553 633 schedis Jafféi). — „Ad hoc nobis“.
165 607 349 684 „ 25.
477 629 570 686 „
684 616 2662 680 8739 (6141) Monasterii S. Petri Perusini possessiones et privilegia confirmat, petente
737 675 2657 750 Bernardo abbate. Margarini Bull. Cas. II. 164, Migne 180 p. 1029. — „Desiderium,
737 733 980 792 quod ad“.
165 761 346 885 „ 26.
472 775 576 883 „
684 775 2660 859 8740 (6142) Monasterii S. Bertini Sithiensis privilegia ac possessiones confirmat, petente
740 850 2660 912 Leone abbate. In bibl. nat. Paris. Coll. Moreau 6I. f. 129, (Morand Append. au cart.
737 905 2660 962 de S. Bertin. p. 66. Cf. Collection des Cartulaires III. 320). — „Iustitiae et rationis“.
163 938 349 1055 „ 28.
472 940 570 1077 „
684 956 2660 1024 8741 (6145) Parthenonem S. Georgii Pragensem tuendum suscipit et eius bona con-
735 1013 2660 1077 firmat, petente Henrico, episcopo Moraviensi. Boczek C. D. M. I. 233, Migne 180
731 1064 1542 1137 p. 1032. — „Religiosis desideriis“.
163 1095 346 1203 „ 28.
466 1071 567 1232 „
680 1108 2660 1194 8742 Canonicorum S. Stephani Vesontionensium tutelam suscipit, possessionesque con-
731 1181 2655 1247 firmat, petente Humberto archiepiscopo. (Pro „4. kal. Mart.“ sine dubio legendum
735 1232 2319 1298 est „4. kal. Maii“.) In bibl. nat. Paris. Coll. Moreau t. 866. f. 495.
161 1276 344 1393 „ 29.
466 1307 565 1433 „
680 1296 2657 1366 8743 Capituli Volaterrensis protectionem suscipit eiusque possessiones et iura confirmat
733 1362 2657 1417 ea lege, ut sex denarii Lucensis monetae Lateranensi palatio annuatim persolvantur.
735 1413 2657 1495 Pflugk-Harttung Iter p. 238, (Leonini IIlustr. s. cated. di Volt. p. 312). — „Quotiens
733 1472 945 1534 illud a“.
161 1492 342 1616 „ 28.
466 1419 552 1616 „
682 1499 2657 1583 8744 Monasterium S. Nicolai de Palatino tuendum suscipit, eiusque bona et privilegia
731 1570 2635 1643 confirmat. Wiener Sitzungsber. XCIV. 660. — „Quoniam (an Quotiens?) illud a“.
159 1596 342 1700 „ 29.
463 1651 561 1729 „
680 1625 2657 1696 8745 (6146) Bartholomaeo, episcopo Laudunensi, et U(rsioni) abbati S. Remigii Remensis
735 1684 2655 1749 mandat, ut in Alvisi, episcopi Atrebatensis, et G., S. Nicolai abbatis, causa apud
733 1740 2655 1806 Ioslenum Suessionensem et Milonem Tarvanensem episcopos quam verissime testi-
731 1797 2651 1879 ficentur. Baluzii Misc. II. 168, Bouquet Rec. XV. 427, Migne 180 p. 1033. —
731 1843 1237 1916 „Fraternitati vestrae“.
156 1868 344 2000 „ 2.
461 1936 563 2053 „
678 1903 2653 1983 8746 (6147) Ludovico, Francorum regi, respondet, se litteras eius „debita benignitater
733 1978 2653 2038 accepisse, voluntatique eius satisfecisse. Alvisum, episcopum Atrebatensem, commendat.
729 2031 2651 2097 Baluzii Misc. II. 168, Bouquet Rec. XV. 427, Migne 180 p. 1034. — „Nobilitatis tuae“.
159 2055 342 2166 „ 30.
468 2084 556 2179 „
678 2084 2651 2155 8747 (6148) Monasterii S. Mariae Schirensis, rogatu Ulrici abbatis, protectionem suscipit,
733 2144 2653 2199 iuraque et bona confirmat, imposito monachis bizantii aurei censu annuo. Mon.
731 2186 2653 2263 Boic. X. 454, Hund III. 314, Migne 180 p. 1034. — „Religiosis desideriis dignum“.
119 2219 344 2336 Nai. 4.
459 2228 561 2329 „
678 2243 2653 2312 8748 Monasterii S. Mariae de Valle losaphat ecclesias quasdam tuendas suscipit, im-
731 2309 2653 2371 posita fratribus auri unciae pensione annua; possessiones eius confirmat. Delaborde
729 2356 2651 2426 Chartes de Terre Sainte p. 58: „III. Non. Maii“, (Pflugk-Harttung Iter p. 239, ubi
733 2422 2346 2493 regestur mendosum est: „IV. Non. Maii“). — „Possessiones et bona“.
161 2475 344 2557 „ 5.
459 2477 563 2568 „
678 2477 2653 2541 8749 Guilielmo, abbati Padilironensi, eiusque successoribus ecclesiam S. Caesarii (Wil-
729 2539 2653 2608 zacarensem) ea lege concedit, ut tres bisantios singulis annis persolvant. Pflugk-
731 2588 1685 2652 Harttung Iter p. 239. — „Cor nostrum“.
156 2641 342 2738 „ 8.
457 2643 563 2718 „
673 2638 2649 2711 8750 (6149) R(otrodo), episcopo Ebroicensi, mandat, concedat monialibus Fontis-Ebraldi
726 2705 2649 2764 ecclesiam ab abbate Conchensi iis donatam. Pavillon Vie de Robert d'Arbrissel Pr.
731 2762 1950 2824 p. 630, Migne 180 p. 1036. — „Religiosae sorores“.
161 2809 340 2890 „ 8.
450 2811 565 2899 „
673 2813 2649 2875 8751 Arnulfo, episcopo Lexoviensi, praecipit, ne monasterium Beccense super his, quae
729 2870 2646 2934 in episcopatu eius canonice acquisierit, inquietet nec ab aliquo inquietari patiatur.
726 2919 1902 2987 Loewenfeld Epistolae p. 98. — „Non ignorat tua“.
159 2968 340 3067 „ 9.
457 2968 563 3071 „
673 2983 2649 3049 8752 (6150) Iohanni, archiepiscopo Bracarensi, praecipit, ut primati (Raymundo), archi-
729 3045 2644 3104 episcopo Toletano, obedientiam canonicam exhibeat; nisi infra tres menses fecerit,
726 3096 2646 3160 ab officio eum suspensum iri. Mansi XXI. 671, Aguirre Conc. V. 64, Migne 180
729 3149 1977 3210 p. 1036. — „Praedecessor noster felicis“ (al. sancte“).
165 3191 207 3297 „
450 3184 563 3279 („)
676 3199 2646 3266 8753 AGlphonso) Hispaniarum regi nuntiat, se Gohanni) archiepiscopo Bracarensi scri-
731 3257 2644 3325 psisse, nisi primati Tolatano obedierit, suspensionis sententia eum affectum iri. (Cf.
726 3314 2299 3383 infra ep. 9255.) Pflugk-Harttung Acta II. 341. — „Sicut ex iuris“.
159 3345 342 3531 „„
441 3358 563 3484 „
673 3365 2644 3436 8754 (6151) Parthenonis Fontis-Ebraldi possessiones et privilegia confirmat, petente
731 3414 2642 3533 P(etronilia) abbatissa. Paviliop Vie de Robert dArbrissel p 630. Migne 180 p. 1657.
742 3475 1327 3577 — „Quoniam sine rerae“.
961 167 1822 249 EUGENIUS III. 1145—1153.
2567 174 2664 258 23
