3007 3975
335 212 417 295 42
870 346 2790 448 1147. (Ind. 10. — 25. Sept. — 11, pont. a. 2. — 18. Fddr. — 3, 1146. — 25. Mart. — 1147.)
952 428 2872 499 pactumque inter eum et Henricum comitem Namurcensem, praesente Conrado Ro-
956 499 2872 554 manorum rege, opera Bernhardi abbatis Clarevallensis confectum probat. Hontheim
952 541 2812 607 Hist. Trev. I. 556, Beyer M. U. I. 606, Migne 180 p. 1212. — „Cum universis“.
344 576 563 708 Mai. 8.
620 560 821 715 Fariii.
901 602 2872 671 9040 Monasterium de Claromarisco tuendum suscipit eiusque possessiones et privilegia
952 662 2865 728 confirmat, petente Gaufrido abbate. Mémoires de la soc. de la Morinie XI. 331. —
956 728 1650 790 „Religiosis desideriis dignum“.
380 750 561 865 „ 2.
702 806 762 856 „)
901 759 2874 845 9041 Monasterii Trium-fontium tutelam suscipit, possessionesque confirmat, petente
952 832 2657 903 Gualtero abbate. Pflugk-Harttung Acta I. 192. — „Desiderium quod ad“.
377 872 561 965 „ 11.
673 867 782 993 („)
903 885 2874 947 9042 *Eberhardum, archiepiscopum Salzburgensem, pallio ornat. (Notitia incerta). Vita
952 942 2432 1000 Eberh. in MG. SS. XI. 99. Cf. Bernhardi Konrad II. 595 n. 11.
375 976 563 1082 „ 11.
695 1020 771 1097 „
903 998 2872 1057 9043 (6306) Monasterio S. Laurentii Leodiensi concessum ab Henrico episcopo de ec-
954 1057 2874 1121 clesiis parochialibus privilegium confirmat, bulla ad Wazelinum abbatem. Martene
952 1101 2328 1174 Coll. IV. 1177, Migne 180 p. 1213. — „Quae a fratribus“.
380 1135 561 1272 „ 13.
691 1071 775 1258 „
899 1159 2874 1223 9044 Ecclesiae S. Iohannis Leodiensis protectionem suscipit, bonaque et privilegia con-
952 1216 2874 1285 firmat. Van den Bergh Oorkondenboek van Holland I. I. 80. — „Commisse nobis
950 1263 1219 1340 apostolice“.
377 1313 563 1428 „ 13.
687 1353 777 1437 „
901 1320 2874 1404 9045 Alberoni, Trevirensi archiepiscopo, Stephano Metensi, Henrico Tullensi, Alberoni
958 1393 2874 1455 Virdunensi, Burchardo Argentinensi et O(rtlibo) Basiliensi episcopis significat, inno-
956 1453 2874 1506 vare se excommunicationis sententiam in Matthaeum, Lotharingiae ducem, eiusque
952 1499 2874 1565 subadvocatos et ministeriales, qui contra Lucii II. compositionem monasterium Roma-
954 1563 2874 1620 ricense denuo invaserint. Praecipit, ut in episcopatibus suis sententia observetur,
952 1605 2874 1687 curent. Annales de la soc. des Vosges XII. Cahier II. 266. — „Fraternitatem
956 1669 1383 1737 vestram ignorare“.
377 1689 561 1821 „ 13.
691 1737 771 1828 „
901 1713 2876 1784 9046 A(lberoni), archiepiscopo Trevirensi, mandat, ut eis, „quos in ordine subdiaconatus
954 1782 2874 1839 aut supra manifeste concubinarios esse noverit, officium et beneficium ecclesiasticum
952 1826 2874 1892 interdicat, atque conducticios presbyteros et mercenarios ab ecclesiis et populi Dei
952 1888 2598 1956 regimine removeat“. Beyer M. U. I. 607. — „Meminisse te credimus“.
377 1901 561 2018 „ 14.
684 1963 775 2089 „
901 1941 2874 2002 9047 (6307) Monasterli Humolariensis protectionem suscipit, possessionesque ac decu-
954 1998 2874 2060 marum immunitatem confirmat, petente Hugone abbate. In bibl. nat. Paris. Cartul.
950 2044 2726 2111 d'Homblieres ms. lat. 13911. s. XVII. f. 7. — „Religiosis desideriis dignum“.
377 2113 561 2184 „ 15.
693 2131 773 2203 „
903 2117 2876 2177 9048 (6308) Monasterium S. Mariae de Capella ad Plancas tuendum suscipit bonaque
952 2175 2872 2234 eius, petente Galtero abbate, confirmat. Hugo O. P. A. I. Pr. p. 355, Lalore Collection
954 2234 2788 2287 IV. 9. (Gall. Chr. XII. Instr. p. 267, Migne 180 p. 1214). — „Quoties illud a“.
380 2272 563 2371 „ 15.
682 2287 777 2393 „
901 2279 2876 2343 9049 (6309) Monasterii Bellilocensis protectionem suscipit, bonaque et privilegia con-
952 2332 2874 2402 firmat, petente Radulfo abbate. Hugo O. P. A. I. Pr. p. 256, Migne 180 p. 1215.
956 2389 1734 2462 — „Religiosis desideriis dignum“.
382 2407 565 2526 „ 16.
687 2460 771 2541 „
903 2449 2876 2517 9050 (6310) Monasterii Praemonstratensis protectionem suscipit, possessionesque ac pri-
958 2502 2872 2568 vilegia confirmat, petente Hugone abbate. Le Paige Bibl. Praem. p. 428, Hugo O.
952 2559 2554 2632 P. A. I. Pr. p. 15, Migne 180 p. 1217. — „Cum universis personis“.
377 2561 565 2696 „ 1z.
691 2616 768 2709 „
903 2619 2876 2685 9051 (6311) Monasterii Calvimontensis protectionem suscipit, bonaque confirmat, petente
956 2678 2874 2751 lohanne abbate. Hugo O. P. A. I. 340, Migne 180 p. 1220. — „Religiosis desi-
954 2736 1316 2800 deriis dignum“.
375 2767 563 2868 „ 17.
684 2789 771 2866 „
903 2782 2876 2848 9052 Monasterii S. Mariae de Chiochis (Choquensis) patrocinium suscipit, possessiones-
954 2842 2874 2906 que et privilegia, petente Galzone abbate, confirmat. Mém. de la soc. de la Morinie
958 2899 1913 2965 XV. 542. — „Piae postulatio voluntatis“.
382 2934 567 3036 „ 18.
689 2948 773 3032 „
903 2941 2874 3014 9053 (6312) Ecclesiae S. Nicolai de Theles (de Marchasio-Radulphi) protectionem su-
954 3005 2874 3071 scipit, bonaque confirmat, petente Ulrico abbate. Hugo O. P. A. II. Pr. p. 73, Migne
961 3058 1902 3133 180 p. 1221. — „Desiderium, quod ad“.
380 3113 567 3193 „ 21.
687 3118 773 3235 „
905 3120 2874 3188 9054 Monasterium S. Nicolai de Pratis Tornacense tuendum suscipit possessionesque
958 3184 2872 3248 confirmat, petente Gerardo abbate. Anal. p. s. à l'hist. eccl. de la Belgique VII. 475,
963 3230 2757 3305 Vos Labbaye de St.-Médard II. 25 (non ipse vidi). — „Desiderium, quod ad“.
384 3290 570 3363 „ 21.
691 3292 779 3374 „
905 3286 2872 3352 9055 Parthenonis S. Mariae Bertocurtensis protectionem suscipit, possessionesque et
958 3345 2874 3416 iura confirmat, petente Flandrina abbatissa. Cartul. de Bertaucourt, Coll. Grenier
958 3400 2286 3471 t. 93. f. 40 in bibl. nat. Paris. — „Quoniam sine verae“.
382 3438 567 3586 „ 29.
678 3447 784 3590 „
905 3453 2872 3566 9056 Rtogerio) abbati Balantiarum (sen Falloriensi) privilegium dat. Neucs Arcbir
965 3506 1705 3617 VII. 92. — „Desiderium, quod“.
1173 196 2026 287 ECGENIUS III. 1145—1153.
